1384 2470
453 72 691 133 CAPUT
747 76 813 134 ΙΙ.
1155 92 1222 146 91

45 175 168 238 >gnos
185 207 200 231 ,
246 174 294 223 &
315 174 449 240 quod
468 176 717 234 excurrit,
765 190 925 229 annos
948 179 1007 230 ad
1043 178 1232 232 ecunda

47 254 138 294 ‘ota
159 241 361 294 transiit.

0 525 20 534 ”
82 531 625 582 SCRIPTORIBHS
661 534 928 583 DANIAE
955 537 1175 587 CHRO-

0 611 3 621 '
418 614 835 668 NOLOGICJS,

578 696 626 759 §-
648 710 682 750 ¹·

0 825 9 837 .
201 790 545 841 Ccuratiorem
566 789 787 842 Historiae
804 789 1000 841 Danicae
1032 788 1242 858 antiqui-

218 860 318 908 oris
341 860 686 926 cognitionem
715 874 950 927 perquam
973 860 1131 909 reddit
1151 856 1244 910 dif-

0 955 2 986 ;
220 924 399 977 ficilem
415 926 663 986 ,veterum
685 929 990 995 Scriptorum
1014 927 1071 977 in*
1085 943 1244 978 anno·

220 995 376 1046 tandis
399 995 699 1064 singulorum
717 1010 987 1046 eventuum
1002 995 1243 1064 tempori-

29 1062 117 1116 bus
128 1096 143 1123 ‚
156 1064 457 1131 negligentia
468 1097 482 1120 ‚
498 1064 529 1114 fi
542 1065 850 1133 negligentia
864 1080 919 1113 ea
939 1065 1145 1114 dicenda
1159 1063 1243 1123 est,

26 1133 76 1183 δι
105 1147 211 1183 non
242 1132 404 1200 potius
435 1143 723 1201 temporum
746 1132 1030 1183 notationes
1051 1132 1246 1183 defediu

24 1212 482 1252 monumentorum
516 1199 781 1252 necessario
817 1202 1104 1252 omittendae
1141 1200 1246 1254 fue-

26 1281 161 1323 runt.

166 1339 212 1403 §.
235 1340 293 1393 11.
330 1337 660 1389 Cimbrorum
683 1336 910 1406 quidem,
937 1335 1245 1396 Gothorum,

29 1405 227 1472 Anglo-
244 1409 492 1457 Saxonum
507 1439 523 1466 ‚
554 1409 1075 1473 Normannorumque
1099 1422 1247 1473 expe-

29 1474 248 1525 ditiones
267 1473 316 1525 &
339 1475 664 1542 migrationes
685 1475 747 1524 ab
770 1477 980 1526 externis
1003 1468 1249 1540 descriptae

24 1540 311 1594 auster-ibus
325 1543 456 1607 ,latis
476 1558 616 1594 certae
635 1544 740 1594 lunt
759 1544 910 1594 aetatis
923 1575 936 1601 ‚
953 1559 1045 1592 nec
1066 1557 1250 1594 eorum

24 1622 263 1679 tempora
283 1611 457 1678 ignota
478 1626 562 1663 aut
582 1612 758 1664 dubia:
774 1611 852 1662 sed
878 1613 977 1661 haec
998 1610 1056 1673 ad
1080 1625 1248 1662 rerum

26 1677 416 1757 domesticarum
445 1679 848 1749 chronologiam
890 1694 1153 1748 perparum
1180 1677 1251 1730 fa·

22 1760 189 1803 ¹munt.

14 1876 19 1886 ὁ
172 1821 219 1876 §.
241 1816 322 1865 ΙΙΙ.
359 1813 544 1866 Exinde
555 1817 744 1866 Adamas
757 1814 1256 1879 Bremenfis,Helmoldm

31 1881 87 1935 ἀ
110 1892 192 1950 qui
227 1895 460 1951 praeterea
492 1898 569 1934 res
591 1884 803 1944 Danicas
828 1896 1063 1936 notarunt
1086 1883 1259 1941 exteri,

34 1965 226 2071 Elui-tem
252 1964 445 2004 tantum
473 1952 776 2020 temporis&
829 1954 997 2004 uidem
1017 1951 1259 2004 mediiso-

98 2035 146 2070 m
169 2020 568 2071 aeviconnotant.
639 2022 820 2072 Domei
848 2022 904 2071 ici
921 2037 1044 2072 vero
1055 2020 1258 2073 annales

30 2089 125 2156 -qui
149 2089 394 2139 saxonem
425 2089 822 2140 Grammaticum
858 2089 1254 2157 sequuntur,cum

39 2154 144 2221 'ipso
173 2159 364 2208 Saxone
390 2188 407 2216 ‚
459 2168 629 2224 praeter
657 2157 906 2224 Epocham
947 2158 1046 2208 nati
1075 2156 1255 2208 Christi

43 2224 94 2274 &
116 2224 281 2275 Caroli
311 2226 475 2276 M.vix
488 2224 639 2275 ullam
654 2239 1075 2276 commemorant.
1145 2227 1257 2276 Nec

42 2306 103 2344 ex
121 2293 521 2363 Syncltronismis
536 2293 682 2348 adeo.
695 2293 862 2347 multae
882 2295 1111 2347 eruendae
1132 2292 1255 2344 sunt.

1111 2363 1256 2414 Adeo
