1384 2470
507 99 760 154 CAPUT
822 74 907 154 Ι.»
1092 66 1094 68 v
1218 105 1293 155 87

48 194 222 266 iannos
254 200 402 249 semel
440 213 628 252 tantum
667 203 719 251 in
743 212 845 249 tota
872 199 968 249 vita
993 215 1052 249 ex
1074 198 1286 248 aliorum

0 270 20 288 ’·
46 263 397 332 ξρετῖυηέὶοτῑα
433 270 720 321 recitatione
756 266 917 318 audita
945 267 997 318 in
1029 264 1286 318 subsidium

0 338 3 347 '
44 332 351 397 {advocarem
365 353 422 387 ex
445 338 501 387 iis
521 351 688 388 tamen
702 369 717 398 ‚
732 352 836 403 quae
848 334 1286 404 habebat‚quaeque

64 406 310 452 memoria
339 403 647 472 suggerebat,
690 404 936 454 dictorum
959 407 1153 471 Regum
1174 401 1283 452 seri-

62 485 144 520 em
171 472 585 541 digeffitfflngula
604 473 665 524 ad
685 474 814 524 hanc
850 471 1107 531 materiam
1137 474 1283 539 perti-

61 539 230 589 nentia
245 576 259 603 ,
275 556 453 606 quanta
475 544 526 592 in
549 554 682 591 tanta
693 542 1109 592 documentorum
1123 553 1283 605 penu-

62 610 131 657 ria
156 609 381 672 juvenilis
405 610 593 678 ingenii
617 610 744 660 vires
767 608 1115 676 suppetebant,
1146 608 1198 657 in
1222 607 1282 656 li·

56 675 212 725 brum
234 677 515 734 conferens.
581 677 821 729 Oblatum
845 677 978 727 hunc
996 675 1281 726 humillime

60 747 160 793 Rex
200 745 511 814 perbenigne
547 742 959 824 accepit‚flbique
988 760 1096 796 non
1120 743 1279 811 displi-
1325 783 1329 787 .

61 808 205 863 tuisse
227 814 371 864 variis
428 814 554 866 ratiae
572 815 767 883 Regalis
786 824 917 866 notis
939 813 1100 881 postea
1118 811 1279 863 osten-

62 881 145 930 dit.
221 884 363 934 MSus
435 884 533 934 icce
567 881 976 949 liber2hodieque
1015 883 1064 932 in
1107 879 1278 932 instru-

61 949 265 1000 eiisiima
294 950 598 1002 Bibliotheca
617 951 768 1018 Regia
789 951 954 1001 locum
976 949 1124 1007 habet
1160 982 1175 1009 ‚
1215 949 1277 999 ab

61 1018 266 1069 eruditis
290 1033 493 1088 quoque
528 1021 672 1072 variis
705 1017 1086 1087 descriptusimo
1112 1018 1158 1068 &
1178 1017 1275 1070 Da-

61 1087 175 1138 nice‘:
206 1088 425 1152 ejusdem
457 1103 561 1157 pars
593 1085 721 1138 versa
744 1085 850 1142 fuit.
919 1086 1083 1137 Postea
1104 1085 1276 1137 audior

61 1155 200 1221 plura
232 1157 394 1221 patria:
406 1170 730 1208 monumenta
743 1155 938 1223 adeptus
952 1188 965 1213 ,
980 1156 1160 1220 judicio
1173 1170 1274 1204 ma-

58 1224 251 1273 turiore
285 1225 557 1276 nonnullos
587 1239 781 1275 errores
811 1225 860 1274 in
898 1223 982 1274 suo
1008 1222 1274 1289 exempla-ri

60 1292 331 1353 emendare
352 1295 517 1360 coepit.
584 1295 715 1343 Cum
737 1307 861 1342 vero
893 1309 917 1341 a
950 1294 1084 1359 Rege
1100 1292 1276 1357 ‚Glori-

60 1358 282 1410 oiiffimae
312 1362 570 1412 memoriae
598 1361 732 1411 Divo
770 1360 1052 1411 Christiano
1074 1364 1132 1410 V.
1150 1360 1276 1410 circa

63 1432 124 1482 A.
151 1431 288 1486 1682.
322 1429 544 1489 Historiae
578 1430 881 1494 Norwegicae
918 1429 1277 1498 conicribendae

63 1511 244 1547 munus
268 1497 351 1565 ipsi
375 1498 755 1549 demandaretur
771 1493 788 1555 ζ
798 1498 959 1563 patriae
974 1498 1182 1547 Codices
1195 1511 1280 1546 an-

62 1566 259 1631 tiquos,
273 1579 521 1634 quotquot
550 1566 717 1615 haberi
740 1578 990 1633 poterant,
1008 1562 1278 1615 studiofiffi-

60 1636 148 1684 'me
176 1633 501 1702 conquisivit,
534 1634 795 1699 seduloque
826 1634 1048 1701 perlegit.
1084 1654 1087 1660 ·
1118 1636 1173 1684 In
1203 1633 1278 1682 his

50 1714 238 1769 praeter
258 1717 463 1768 ea‚quae
490 1703 554 1752 'ad
587 1702 866 1769 Norwegiae‘
897 1701 1147 1752 historiam
1176 1714 1281 1768 per*

65 1770 399 1822 tinent,varia
426 1770 560 1823 fimul
582 1771 905 1821 occurrebant
929 1769 1159 1837 praedistae
1186 1770 1279 1819 Re-

67 1853 176 1907 gum
204 1836 376 1889 Daniae
402 1838 534 1889 seriei
554 1839 752 1890 ulterius
775 1839 1117 1894 emendandae‚
1146 1837 1281 1903 plura

66 1906 226 1956 adhuc
255 1907 417 1958 eidem
446 1902 1155 1975 locupletandae'inservientia,
1172 1905 1284 1982 quae

67 1976 155 2026 luis
193 1972 312 2026 locis
348 1976 632 2031 annotavit,
659 1975 821 2026 minus
853 1974 1124 2026 commode
1155 1971 1283 2024 dreia

69 2044 379 2105 emendavit,
401 2043 738 2114 supplementa
751 2043 1049 2096 ⁷innumeris
1070 2043 1189 2093 locis
1210 2042 1283 2092 in-

65 2109 215 2163 'seruit
237 2148 253 2177 ,
278 2112 499 2181 duosque
535 2113 811 2164 anteriores
831 2111 982 2163 libros
997 2110 1049 2165 ἆ
1071 2110 1211 2163 binas
1231 2110 1287 2160 in

73 2178 201 2231 ealce
222 2197 246 2231 a
283 2182 519 2247 pendices
547 2181 612 2232 de
644 2196 783 2232 novo
801 2179 1001 2238 addidit.
1067 2177 1288 2230 Vicissim

75 2257 250 2300 nonnu
275 2249 330 2300 lis
357 2249 478 2301 locis
501 2265 559 2301 ea
589 2249 708 2300 inde
737 2250 943 2301 resecuit
961 2262 1014 2299 ac
1037 2246 1288 2319 expunxit,

75 2326 183 2385 quae
204 2315 437 2385 superflua
451 2318 653 2387 alioque
665 2315 1291 2433 pertinentiavidebaffiur.

611 2387 643 2436 F
680 2401 717 2449 4
1218 2399 1293 2434 inc
