1390 2496
472 90 721 153 CAP'UT
759 94 833 156 V.
1155 109 1261 169 ¹53

52 246 53 250 =
101 216 103 219 ’
160 215 240 267 est.
285 215 367 281 (β)
391 215 562 268 Causas
580 215 826 268 memorat
846 212 1028 268 omiffae
1039 215 1089 267 in
1102 213 1268 269 Gron-

117 285 283 334 ndiam
309 285 643 352 navigationis
657 300 713 337 ex
724 285 931 336 Pontani
946 283 1123 336 Histor.
1139 284 1269 336 Dan.

0 415 12 423 ..
59 402 70 418 ‚v
92 347 150 402 ib.
164 355 196 403 1.
237 367 449 405 necnon
464 353 774 422 Lyschandro
789 351 1275 422 &Huitfeldimquia

54 418 156 475 i‘bus
205 423 290 487 (y)
325 423 457 473 addit
476 436 741 473 numerum
765 421 814 471 &
837 421 1205 473 enarrationem
1233 420 1274 470 i·

0 480 10 532 i
52 490 284 541 tinemut
296 491 356 541 ad
367 488 922 549 haeclocainstitutorum
936 522 951 546 ‚
969 490 1182 557 denique
1194 485 1272 556 (δ)

67 571 227 608 errata
243 557 426 609 horum
452 559 685 610 itinerum
715 556 957 608 monstrat
978 590 993 613 ‚
1029 573 1269 626 compen-

67 623 438 693 diosioremque
457 630 589 679 viam
627 624 852 676 ostendit.
922 625 1024 695 Ipse
1046 625 1175 676 liber
1195 643 1272 677 ca·

0 754 1 760 ἵ
57 695 171 762 pita
196 697 387 746 xxxn.
407 693 752 764 complectitur
771 727 785 750 ‚
809 709 1022 762 quorum
1043 697 1197 747 Index
1214 707 1273 744 o-·

69 761 270 830 pusculo
287 761 505 831 praefixus
529 761 611 814 est.
681 763 920 832 Praecipue
938 777 1104 814 autem
1130 762 1181 813 in
1197 762 1273 816 his

69 832 304 896 capitibus
314 830 485 900 agitde
506 831 698 883 ratione
709 829 1273 886 nominisGroniandiaen

70 897 326 952 occasione
343 899 651 952 inventionis
665 932 680 959 ,
702 900 998 951 inventione
1020 898 1113 967 ipsa
1130 899 1177 949 &
1197 898 1273 950 in-

68 980 282 1018 ventore
307 1000 324 1030 ,
349 967 524 1036 primis
544 967 860 1019 Groniandiae
882 967 1090 1027 incolis,
1113 965 1204 1037 situ
1225 966 1275 1017 δε

69 1034 294 1096 desertis,
315 1035 547 1088 monstris
560 1036 763 1087 marinis
783 1076 796 1094 ‚
815 1035 1166 1088 constitutione
1179 1049 1276 1085 coe-

26 1096 39 1121 ⁶
71 1103 134 1163 li,
157 1102 219 1154 de
241 1104 374 1157 victu
407 1103 829 1170 Gronlandorum
844 1136 860 1164 ,
884 1117 980 1155 nec
1002 1119 1109 1155 non
1131 1103 1193 1154 de
1218 1101 1278 1155 iis

72 1186 178 1237 quae
203 1172 285 1224 vel
314 1171 591 1225 Gronlandi
619 1169 864 1240 gesserunt
889 1172 970 1223 vel
1009 1172 1091 1222 alii
1118 1172 1168 1223 in
1193 1186 1281 1223 eo·

71 1255 180 1291 rum
203 1253 431 1310 terraper
465 1252 698 1292 etr-arunt.
767 1238 1281 1309 Pergitporrodescri·

71 1307 190 1359 bere
211 1307 410 1361 introdu
459 1309 630 1360 ionem
651 1307 910 1376 religionis
923 1309 966 1358 C
974 1307 1210 1359 hristianae
1225 1309 1278 1358 in

71 1376 377 1428 Gronlandia
404 1410 419 1433 ‚
441 1376 863 1444 istitutionemque
891 1374 1199 1446 Episcopatus
1225 1376 1278 1427 in

72 1445 272 1509 eadem,
289 1446 368 1497 cui
393 1446 694 1514 Catalogum
725 1446 1074 1514 Episcoporum
1114 1445 1280 1495 Gron·

0 1564 1 1572 ἵ
75 1512 246 1563 landiae
265 1511 515 1565 subnediit.
587 1511 822 1580 Denique
851 1516 1072 1581 quinque
1091 1512 1279 1564 tabulas

75 1581 441 1650 Geographicas
470 1581 793 1633 Gronlandiae
813 1580 1014 1632 exhibet
1034 1613 1049 1640 ,
1071 1596 1282 1648 quarum

109 1649 230 1699 rima
245 1649 312 1700 est
322 1648 539 1718 Episcopi
556 1648 801 1709 Holcnsis‚
813 1647 1101 1700 Gudbrandi
1114 1648 1282 1701 Thor-

72 1664 183 1768 Yacii
208 1716 266 1767 A·
294 1719 428 1770 1606.
451 1716 695 1768 delineata
714 1749 730 1778 ‚
759 1716 962 1769 secunda
999 1732 1086 1787 per
1117 1718 1286 1785 Sigur-

75 1785 192 1836 dum
214 1785 535 1853 Stephanium
554 1787 614 1836 A.
630 1800 775 1849 1570.
795 1785 1095 1837 concinnata
1110 1818 1124 1840 ‚
1143 1786 1287 1838 tertia

10 1861 14 1868 ’
77 1868 166 1924 per
189 1853 369 1914 jonam
397 1852 756 1921 Gydmundum
775 1853 1028 1907 Islandum
1053 1856 1110 1904 A.
1144 1856 1290 1922 1668,

77 1920 296 1972 exhibita
327 1953 342 1980 ‚
371 1933 542 1988 quarta
557 1937 647 1990 per
675 1921 1010 1973 Theodorum
1029 1921 1295 1974 Thon-laci-

78 1998 170 2040 um
193 1990 493 2039 concinnata
513 1988 562 2039 δε
580 1987 752 2058 quinta
775 1990 983 2041 demum
1004 2003 1030 2039 a
1050 1988 1097 2040 se
1117 1989 1293 2058 ipsoex

81 2056 426 2122 antiquiffimis
457 2058 799 2108 monumentis
831 2070 966 2110 eruta
986 2058 1034 2107 δε
1058 2056 1295 2126 penicillo

83 2124 252 2187 jacobi
281 2123 469 2176 Raschii
491 2127 646 2177 Anno
685 2129 831 2186 1706.
854 2121 1089 2194 expressa,
1117 2125 1296 2192 quibus

19 2254 22 2256 v
84 2192 320 2244 omnibus
350 2191 572 2244 addenda
607 2192 826 2261 quaedam
853 2209 952 2246 una
979 2207 1096 2243 cum
1123 2193 1297 2245 Indice

84 2272 250 2312 rerum
278 2261 689 2318 memorabilium
712 2263 766 2315 in
787 2263 879 2316 hac
901 2260 1101 2314 historia
1125 2261 1299 2330 obvia-7

87 2340 198 2380 rum
224 2328 435 2396 subjecit.
572 2345 575 2347 ·
1048 2345 1052 2347 ’
1289 2341 1292 2346 ’

641 2397 685 2448 K
723 2414 759 2462 ς’,
1179 2402 1225 2461 §0
1240 2398 1303 2465 Vv'
