1384 2470
19 767 28 774 ·
65 768 68 769 ’
137 752 254 802 rint.

150 115 221 163 60
343 102 346 103 ⁷
574 108 814 163 CAPUT
871 110 912 167 1.

141 230 248 265 non
264 211 518 263 addui’tam
530 209 623 263 effe
634 226 738 271 ,aut
753 215 804 265 in
815 226 913 263 tam
925 229 1104 264 coecam
1119 215 1330 264 oblivio-

142 296 262 332 nem
293 275 453 330 abiisse
472 312 488 336 ‚
520 292 571 331 ut
596 281 881 344 posteriores
899 282 1089 332 Ethnici
1108 282 1178 332 nil
1199 282 1330 350 quic-

144 364 294 416 quam
307 348 366 398 de
379 348 433 397 iis
444 348 731 399 audiverint.

278 418 322 480 5)
356 415 629 466 Secundum
645 416 983 467 Buchananum
997 447 1012 473 ‚
1024 416 1104 483 qui
1116 415 1176 465 de
1192 426 1329 467 vete-

108 527 113 531 ,
142 481 278 533 ribus
290 481 1330 550 annalibusoriginemafferrescaffeverant,

139 550 441 600 reddendam
475 550 565 600 illis
592 552 833 601 rationem
866 548 957 600 effe
970 583 983 609 ,
1021 551 1124 616 quis
1146 551 1329 617 primus

139 617 222 667 ista
244 616 493 667 tradiderit
506 649 519 674 ‚
537 617 618 667 ubi
639 630 738 673 tarn
753 618 833 670 diu
848 618 1331 684 latuerint‚quomo·

139 685 205 733 do
221 685 278 735 ad
295 700 385 735 nos
408 684 511 752 post
531 696 633 735 tota
643 684 793 737 secula
803 687 1082 753 incorrupta
1094 700 1328 754 perveuc-
1364 694 1365 754 J

274 823 328 881 6)
364 818 520 886 Ipsum
541 820 891 888 Lyschandrum
915 822 966 872 in
980 820 1328 888 praefationelia
1364 813 1368 855 '.

139 884 217 936 bri
240 890 296 941 V.
320 890 493 954 Operis
513 888 1090 956 Genealogiciconfiteri,
1105 891 1155 939 in
1170 890 1326 939 Dania
1366 903 1368 935 ι

137 965 220 1004 aut
253 955 415 1020 regnis
435 955 894 1020 septentrionalibus
915 953 1080 1023 parum
1103 954 1183 1007 aut
1200 955 1323 1006 nihii
1367 970 1369 987 1

133 1020 382 1077 constare,
412 1037 517 1088 quat
551 1022 612 1073 de
649 1024 926 1074 Gothorum
953 1023 1103 1090 iisque
1126 1026 1326 1091 propin·
1368 1025 1369 1066 ῐ

133 1104 347 1154 quorum
370 1087 658 1140 fortitudine
684 1089 916 1156 gestisque
937 1091 1123 1148 Martiis
1136 1091 1323 1158 antiqui
1368 1095 1369 1099 ’

132 1156 184 1206 δε
195 1156 380 1221 probati
394 1157 655 1224 Scriptores
668 1159 818 1207 Graeci
831 1159 876 1206 &
887 1156 1042 1207 Larini
1054 1157 1322 1208 admodum

132 1224 415 1288 celebrant3
449 1223 497 1273 id
517 1223 648 1291 quod
664 1225 901 1289 tempori,
919 1225 1091 1282 Marti,
1122 1226 1321 1285 incolis,

133 1289 502 1358 ignoscendum3
523 1306 632 1342 cum
656 1291 737 1341 ille
759 1293 1023 1356 Scriptores
1047 1297 1103 1340 ex
1129 1292 1200 1341 his
1223 1295 1317 1341 Re-

58 1374 61 1377 ·
133 1358 245 1423 gnis
279 1356 629 1416 eliminaverit,
663 1358 708 1407 &
736 1358 787 1407 hi
819 1358 1034 1425 posteros
1056 1358 1319 1414 instruere,
1366 1403 1372 1406 .

129 1424 472 1493 fastorumque
486 1426 780 1477 notitiam'ad
793 1423 917 1476 seros
929 1427 1143 1492 Nepotes
1157 1427 1316 1479 tradu-

129 1507 241 1543 cere
253 1493 570 1561 neglexerint.
803 1510 807 1512 “

265 1562 320 1625 7)
354 1563 416 1611 Ex
434 1560 840 1628 Synchronismis‚
864 1562 915 1612 in
937 1573 1074 1612 tanto
1086 1561 1313 1612 omn-ium

114 1625 193 1676 ‘de
213 1626 558 1694 Septentrione
588 1629 678 1679 iuis
701 1628 862 1680 seculis
876 1629 1313 1687 filentiomihilha-

127 1693 231 1743 beri
244 1691 371 1760 posse
382 1727 396 1751 ‚
408 1711 519 1746 cum
531 1708 631 1747 tota
646 1697 905 1746 Germania
920 1697 1075 1747 Taciti
1087 1710 1314 1763 tempore
1378 1734 1384 1758 :1

58 1814 67 1821 Κ
125 1760 291 1811 literas
324 1762 653 1829 ignoraverit,
691 1764 738 1813 δι
770 1763 801 1812 fi
828 1764 937 1829 quid
961 1765 1310 1829 antiquisfimos
1378 1763 1384 1814 ’ἒ

124 1829 298 1878 Poetas
321 1833 381 1879 de
399 1831 542 1879 rebus
560 1845 664 1896 quat
682 1832 1011 1881 monumentis
1024 1831 1310 1880 hisceGorh-
1380 1854 1384 1888 ρ

125 1894 327 1945 landicis
353 1899 671 1951 continentur
690 1929 702 1953 ,
736 1900 950 1948 numeris
981 1895 1066 1947 suis
1091 1899 1308 1966 comple·
1380 1896 1381 1927 ³

120 1970 207 2038 {tos
236 1959 581 2039 effe-velimuz
617 1964 734 2016 istud
752 1968 850 2031 jam
873 1965 1072 2016 Saxonis
1086 1975 1307 2034 tempore
1382 1971 1384 1974 “

120 2040 378 2079 mter-ierit.

232 2100 310 2161 ⁵8)
339 2098 547 2158 Textum
603 2098 894 2157 Gothicum,
933 2099 1305 2153 fundamentum

120 2162 259 2227 hujus
273 2165 519 2231 opinionis
539 2181 699 2232 neque
713 2169 915 2234 antiquae
933 2181 1095 2233 neque
1106 2167 1301 2218 hodier-
1382 2231 1384 2233 ,

118 2244 197 2281 nae
206 2230 382 2298 linguae
392 2233 875 2300 geniumexprimere
884 2266 899 2291 ,
911 2234 1180 2286 monstrum
1193 2233 1319 2296 effes-

120 2296 148 2348 ὲ
160 2310 334 2366 tyrone
345 2298 519 2369 linguae
531 2306 706 2353 veteris
719 2300 1055 2370 conscriptum.

1248 2375 1384 2460 9)Ἴ
