1390 2496
458 86 705 145 CAPUT
753 87 824 146 V.
1139 103 1233 162 135

44 196 148 254 mn
163 192 287 238 Dudo
305 190 468 240 Abbas
481 193 527 246 S.
549 192 780 261 Qintini
800 225 815 254 ‚
838 193 922 259 qui
941 193 1002 243 de
1012 192 1239 244 moribus

0 263 6 272 '
40 245 93 325 nai
114 256 256 324 gestis
278 259 555 326 primorum
586 262 911 312 Normanniae
952 261 1148 314 Ducum
1181 262 1240 312 li·

0 386 1 392 *
38 324 188 377 'hrum
217 325 416 393 scripfit,
437 341 494 378 ut
514 328 564 378 &
583 333 824 378 Guilielmus
843 333 1135 394 Pidavienfis,
1156 344 1240 382 cu·-

0 414 7 424 ·
36 395 109 460 jus
125 405 255 444 extat
276 394 404 445 liber
422 397 482 445 de
498 396 639 464 gestis
664 396 918 448 Guilielmi
942 399 1006 453 ΙΙ.
1024 399 1240 466 Scripto-

90 476 112 510 s
144 461 234 511 hos
254 463 306 513 in
330 478 488 514 unum
511 463 784 515 fasciculum
813 464 940 516 colle
979 466 1017 515 it
1048 468 1240 515 Andreas·

30 589 31 604 ἵ
63 549 93 578 u
126 532 277 595 Chesne
298 531 546 599 ediditque
584 533 722 587 Parii.
751 537 897 597 1619.
949 533 1018 586 Ol.
1056 532 1137 584 sub
1173 533 1241 584 se-

68 599 205 648 uenti
228 599 401 651 titulo:
437 609 776 650 Narmannorum
813 603 983 663 historie
1015 607 1241 667 Scriptores

61 671 202 732 ntiqui
231 670 283 715 ab
303 675 422 716 Anno
452 673 623 717 Domini
652 679 751 731 838.
777 672 839 715 ad
866 679 918 725 A,
951 686 1055 718 1220.
1129 671 1240 719 Huc

25 770 30 784 .
65 733 182 784 tiam
211 737 428 802 pertinet
448 739 599 785 Ibomae
630 739 943 801 Waelfinghami‚
967 737 1243 805 hypodeig-

87 818 115 853 a
145 802 376 853 Nefistriae
419 803 500 855 vel
531 805 858 855 Normanniae
885 804 947 854 ab
969 805 1242 871 irruptione

20 867 450 925 &Normannorum
461 886 616 941 usque
629 872 687 923 ad
700 876 906 924 Annum
917 875 1089 923 Vltum
1103 874 1244 924 Hen-

17 938 119 998 srici
132 941 190 991 V.
210 940 427 992 Londini
451 956 586 1005 1574.
600 939 688 991 fol.
759 944 934 1009 Neque
956 942 1241 992 omittenda

17 1006 140 1058 fiunt
158 1007 325 1076 scripta
355 1009 463 1069 illa,
485 1025 591 1076 quae
618 1010 668 1060 in
692 1009 847 1059 Andr.
868 1009 1142 1060 duchesnii
1162 1011 1244 1060 Bi-

13 1073 284 1127 ibliotheca
314 1077 689 1144 Chronologica
728 1080 1028 1146 Scriptorum
1072 1078 1241 1131 Galliae

12 1158 381 1196 umemorantur
406 1163 419 1198 z
462 1147 569 1196 Nos
618 1145 838 1212 quaedam
870 1146 1003 1195 exiis
1022 1181 1038 1210 ,
1066 1159 1242 1214 utpote

9 1210 178 1279 'scopo
203 1212 371 1264 nostro
405 1212 712 1264 inservientia
746 1214 842 1263 hoc.
872 1213 984 1282 loct>
1027 1215 1243 1265 breviter

8 1279 376 1339 iexhibebimus
412 1297 425 1333 ι
467 1283 604 1332 Parte
638 1285 673 1336 Ι.
703 1280 874 1331 Tomo
896 1285 951 1332 11.
985 1281 1242 1332 exhibetur

7 1346 364 1416 {fragmentum
385 1351 446 1399 de
474 1350 882 1400 Normannorum
930 1349 1070 1417 gestis
1116 1351 1243 1401 circa

0 1418 11 1465 ιῖ
32 1415 312 1468 Parifiacam
332 1416 523 1468 Urbem
545 1417 594 1467 δι
612 1418 672 1467 de
699 1418 863 1468 divina
888 1418 935 1468 in
950 1419 1243 1470 cosultione

4 1501 9 1507 ·
32 1496 261 1551 tempore
283 1486 452 1536 Caroli
469 1485 611 1535 Calvi
639 1486 784 1552 Regis
799 1521 813 1549 ‚
837 1487 968 1552 quod
990 1485 1244 1553 fragmen·

0 1572 7 1619 f*
32 1563 143 1602 tum
177 1551 387 1604 exlibris
412 1553 761 1604 miraculorum
789 1554 950 1604 Sancti
976 1555 1243 1613 Germani,

32 1619 251 1688 Epiicopi
310 1620 574 1672 Parifienfis
631 1619 862 1687 excerpsit
920 1622 1195 1674 AEimonius
1226 1651 1243 1685 ⁵

31 1689 851 1740 MonachusCoenobiiSGermani
866 1686 927 1739 de
942 1692 1106 1746 PratiS.
1146 1694 1240 1742 Eo·

34 1755 148 1807 dem
159 1755 331 1807 Tomo
357 1756 578 1809 (istuntur
598 1754 877 1826 fragmenta
895 1758 996 1808 duo
1018 1763 1060 1822 ι)
1077 1760 1136 1809 de
1166 1761 1243 1810 in·-

33 1822 170 1878 tursu
194 1827 606 1882 Normannorum
630 1827 681 1875 in
706 1824 1011 1876 Waicoviam
1043 1829 1093 1890 2)
1127 1844 1244 1893 qua-

21 1889 148 1955 ‘liter
197 1893 485 1944 Normann‘i
525 1893 778 1943 civitatem
832 1894 1243 1961 Andegavensem

35 1973 319 2027 «eperunt,
338 1962 386 2012 &
399 1961 461 2011 ab
479 1976 535 2011 ea
555 1977 641 2029 per
659 1959 896 2012 Carolum
929 1962 1140 2013 Calvum
1162 1979 1242 2013 ex·

36 2027 156 2096 pulsi
177 2028 298 2084 sunt.
371 2028 559 2081 Eodem
577 2027 752 2079 Tomo
775 2043 974 2096 quoque
994 2043 1245 2096 comparet

37 2087 325 2147 Chronicon
338 2096 400 2148 de
410 2094 550 2166 gestis
566 2098 974 2149 Normannorum
989 2098 1037 2149 in
1050 2099 1246 2150 Francia

39 2162 103 2214 ab
127 2168 185 2215 A.
206 2164 270 2216 C.
290 2175 409 2233 833.
438 2179 594 2232 usque
619 2162 679 2214 ad
711 2167 768 2214 A.
807 2171 921 2228 894.
1007 2167 1154 2216 Partis
1185 2168 1242 2217 11.

41 2230 235 2283 Tomus
263 2235 343 2287 111.
367 2233 593 2284 continet
614 2230 878 2284 extrastum
903 2248 960 2283 ex
987 2234 1214 2285 Dudonis
1231 2265 1247 2292 ‚

46 2299 516 2371 Guilelmorumque
532 2299 663 2419 suplra
685 2301 941 2354 citatorum
958 2301 1093 2354 libris
1108 2335 1121 2363 ‚
1134 2303 1248 2353 huie

660 2383 696 2432 4
1169 2385 1244 2421 ac-
