1384 2470
117 94 223 150 118
522 82 775 139 CAPUT
823 79 921 140 IV.

107 189 194 257 qui
229 204 427 258 mappas
455 187 845 256 chorographiae
862 186 1316 239 Danckwerthianae

111 257 309 308 insertas
332 255 563 308 confecit.
631 256 723 307 Hic
742 270 939 325 quoque
969 254 1244 324 Norwegiae
1261 267 1318 305 ac

111 322 291 376 Sueciae
318 324 505 380 tabulas
541 325 904 392 Geographicas
928 331 969 381 8.
989 323 1071 375 vel
1092 342 1139 392 9.
1164 321 1319 374 Volu-

113 393 332 444 minibus
374 391 748 459 comprehensas
792 392 1058 446 delineavit
1102 388 1319 443 craffiori

113 461 316 529 quidem
337 460 466 512 linea
501 489 515 518 ,-
574 460 950 529 descriptionem
980 472 1149 512 tamen
1172 457 1321 510 histo-

114 530 267 578 ricam
289 529 344 578 iis
365 528 544 580 addere
565 529 773 596 incepit,
785 527 860 580 sed
873 543 980 580 non
997 523 1218 580 absolvit.
1234 528 1323 577 Vi-

114 595 292 648 dentur
343 596 617 648 hodienum
646 596 820 647 tabulae
850 597 912 647 ab
940 612 1006 647 eo
1025 591 1247 663 expreffae
1268 594 1323 644 in

114 663 419 717 Bibliotheca
441 666 591 732 Regia
615 663 882 717 Hafnienfi.
922 666 977 733 3)
1003 670 1212 714 PETRtlS
1234 668 1329 725 Jo-

115 739 363 781 HANNES
377 739 675 792 RESENIHS‚
688 734 771 802 qui
794 733 1046 783 Atlantem
1077 731 1327 784 Danicum

114 801 220 850 xli.
240 800 420 850 Tomis
442 802 725 869 ingentibus
743 799 1094 853 absolvendum
1127 797 1328 851 molitus

117 867 187 919 est
205 901 220 922 ‚
234 868 285 918 in
307 883 408 935 quo
429 883 604 919 omnes
626 869 817 938 Regum
842 869 1009 920 Daniae
1031 869 1330 936 provincias,

118 935 457 1004 imaginesque
477 937 768 1003 regionum,
812 937 1098 996 civitatum,
1140 934 1330 986 arcium

116 1003 422 1073 aliarumque
451 1019 617 1055 rerum
642 1004 1046 1056 memorabilium
1066 1005 1146 1056 aeri
1163 1002 1349 1056 inciias,

118 1070 288 1124 sistere}
308 1071 465 1123 voluit
497 1071 678 1124 audior.
747 1072 910 1124 Editio
945 1073 1084 1139 hujus
1120 1070 1331 1123 Atlantis

117 1141 214 1206 jam
233 1138 296 1190 ab
317 1143 374 1190 A.
402 1141 551 1204 1685.
570 1140 632 1190 ab
650 1140 845 1192 austore
858 1172 875 1200 ,
894 1140 1127 1193 sumtibus
1150 1137 1332 1207 Regiis,

153 1220 280 1258 arata
303 1205 393 1266 est,
424 1208 501 1258 sed
522 1220 723 1260 mortuo
744 1207 943 1260 audiere
962 1209 1106 1260 illum
1125 1207 1333 1274 amplius

115 1224 306 1343 Fperare
326 1278 405 1326 vix
427 1275 574 1326 licet:
622 1275 747 1326 Illati
768 1288 937 1327 tamen
959 1276 1169 1327 Codices
1191 1272 1334 1325 MSSi

117 1345 228 1395 {unt
261 1344 314 1394 in
347 1343 704 1396 Bibliothecam
740 1344 1017 1394 Academiae
1043 1340 1334 1394 Hafnienfis.

117 1411 381 1480 Specimen
415 1411 544 1463 illius
568 1410 685 1463 vasti
709 1412 870 1480 operis
891 1410 982 1467 est:
1011 1415 1239 1476 Descriptio
1262 1417 1337 1457 ln·

113 1484 212 1546 [κίε
233 1483 427 1541 Samsonae
445 1479 507 1529 de
526 1493 622 1548 qua
642 1495 758 1531 mox
778 1479 972 1530 dicendi
993 1478 1126 1529 locus
1145 1477 1242 1528 erit
1273 1477 1335 1542 4)

122 1549 312 1598 Andreas
334 1548 524 1609 fidejus,
565 1547 789 1600 Severini
807 1547 936 1598 filius
964 1579 979 1602 ,
1007 1546 1336 1612 Historiogra-

121 1616 247 1683 plius
269 1614 449 1681 Regius
460 1651 475 1678 ,
486 1616 570 1683 qui
583 1615 752 1666 Daniae
767 1647 782 1675 ‚
794 1615 1072 1683 Norwegiae
1083 1647 1098 1670 ‚
1110 1612 1337 1664 Holsatiae

124 1680 461 1742 Dithmarfiae‚
511 1682 860 1750 orcadumque
888 1681 1337 1749 Chorographiam,

122 1765 222 1803 una
253 1765 364 1802 cum
394 1750 664 1801 earundem
689 1750 886 1801 historia
908 1748 1110 1800 civili&
1138 1745 1338 1800 Eccleli-

125 1817 265 1870 'astica
290 1833 386 1868 nec
406 1833 513 1869 non
534 1820 728 1886 Regum
759 1817 951 1876 Daniae‚
969 1816 1247 1883 Norwegiae
1265 1813 1338 1865 fa-

124 1884 476 1953 miliarumque
498 1885 796 1937 Danicarum
819 1885 1067 1937 nobilium
1088 1882 1339 1937 Genealo-

126 1953 218 2024 giis
239 1951 506 2020 aliquando
528 1952 783 2005 meditatus
804 1951 886 2003 est.

263 2023 310 2086 §.
338 2023 469 2076 xlv.
514 2020 752 2072 Addenda
786 2019 883 2071 hoc
918 2018 1077 2086 capite
1116 2018 1340 2087 quaedam

127 2087 232 2139 sunt
254 2089 315 2138 de
336 2088 660 2150 scriptoribus
681 2086 763 2147 iis,
789 2087 875 2154 qui
895 2098 1047 2138 certas
1067 2087 1228 2154 Regni
1242 2086 1341 2138 Da·-

125 2155 221 2207 niae
245 2155 715 2222 provincias‚urbes
730 2169 890 2221 ,arces
908 2166 990 2207 aut
1020 2153 1192 2206 insulas
1214 2153 1344 2220 seor·

127 2222 216 2275 fim
230 2223 564 2280 delineatum.
633 2225 699 2274 Ex
723 2223 780 2274 iis
801 2235 963 2274 autem
974 2222 1203 2274 hastenus
1213 2220 1342 2273 mihi

126 2291 457 2345 innotuerunt
475 2291 727 2361 sequentes
769 2294 823 2358 x)
837 2292 1005 2344 Petrus
1032 2293 1242 2422 Johasme}
1262 2297 1345 2371 κρ-

1233 2373 1347 2406 681!oe
