1390 2496
137 32 244 143 3⁶4
495 37 966 151 &sconsi—

130 196 214 263 qui
232 191 655 263 proindelimulac
673 195 726 244 in
738 194 902 244 lucem
913 195 1071 248 editus
1085 195 1152 248 est
1164 229 1179 256 ‚
1197 177 1358 258 debi-fss
1367 241 1369 248 4
1386 167 1390 180 ⁴

128 277 240 314 tum
252 262 340 314 fibi
363 261 506 312 lineae
525 261 704 312 ordine
714 277 769 312 ac
789 260 907 314 serie
925 263 1092 316 locum
1105 265 1340 335 protinus

130 343 390 400 occupato.
598 331 833 382 XXXIX.
887 342 890 348 “

211 405 267 440 Ac
277 397 573 455 quandoquidem
583 412 606 438 a
613 402 828 454 DeoRegiae
837 400 982 440 Nostrae
996 402 1122 454 Stirpis
1130 403 1169 442 &
1179 406 1332 455 Regna-

126 458 230 497 tricis
243 456 392 496 familiae
401 457 668 495 incrementum
678 454 861 508 speramus
873 483 884 502 ,
904 466 1001 496 certa
1010 455 1144 497 fiducia
1155 460 1331 498 virentem

132 512 403 565 florentemque
414 510 607 551 numerosi
616 506 740 550 sobole
750 521 927 551 aeternum
940 510 1172 555 duraturam;
1201 515 1331 566 utique

128 582 177 608 ne
185 569 362 608 crestente
373 567 411 605 in
434 565 510 607 dies
519 577 699 619 nepotum
710 580 867 606 numero
877 568 1100 608 conturbata
1109 568 1332 621 multiplica·

129 634 259 664 tarum
270 623 447 662 linearum
460 623 546 662 serie
554 650 566 665 ‚
580 621 720 662 ordinis
727 625 887 663 aetatisve
905 626 1050 663 ratione
1069 623 1111 663 lis
1130 623 1332 676 aliquando

129 694 175 725 ac
182 676 429 720 controversia
437 678 482 718 de
497 676 714 717 successione
722 680 865 723 oriatur
873 706 886 721 ‚
898 681 1069 718 Parentes
1079 679 1186 718 fimul
1198 693 1240 719 ac
1248 681 1334 731 quis

129 736 253 775 nostra
263 735 369 786 stirpe
381 745 489 773 natus
499 734 607 772 Filius
616 734 768 776 Filiam,
778 735 899 773 statim
919 748 1057 773 nomen
1068 739 1145 785 ejus
1155 737 1329 774 nativita-

128 794 249 844 tisque
257 789 357 829 diem
368 791 460 844 Regi
471 788 659 828 indicanto
669 816 679 834 ,
689 787 716 828 s1
724 788 875 842 quidem
884 790 1155 830 haereditarium
1162 791 1333 843 aliquan·
1375 791 1381 830 j

128 846 178 886 do
190 852 248 899 jus
257 844 474 897 aditumque
497 845 672 900 legitimae
689 843 910 884 haereditatis
929 845 1039 884 titulo
1048 845 1095 885 ad
1114 845 1189 885 haec
1200 850 1331 901 Regna

127 900 360 953 ditionesque
368 900 507 939 nostras
517 900 675 955 allegare
683 910 749 940 aut
758 900 975 949 praetendere
986 902 1063 940 ullo
1072 900 1187 940 modo
1197 903 1330 944 velina

126 957 393 997 documentum
412 969 561 1008 quoque
579 954 836 995 insinuationis
854 958 924 995 rite
948 956 986 995 id
1004 955 1169 996 delatum
1189 956 1331 996 indica·
1388 977 1390 994 1

124 1025 282 1064 tumque
292 1011 358 1051 esse
371 1023 529 1064 petunto
542 1039 552 1057 ,
572 1011 810 1065 ejusdemque
819 1012 1054 1051 Instrumenti
1065 1013 1275 1065 exemplum
1288 1015 1330 1052 in

127 1068 291 1109 Archivo
302 1068 427 1107 nostro
438 1065 636 1119 deponitur
645 1095 657 1112 ‚
667 1067 731 1106 ubi
741 1068 782 1106 ὅ(
792 1070 955 1107 Stemma
965 1070 1248 1122 Cognationum
1259 1072 1332 1107 Re·-

122 1127 196 1180 giae
206 1124 337 1163 nostrae
347 1121 738 1163 haereditatiaeFamiliae
750 1135 920 1164 accurate
929 1122 1340 1177 descriptumservator.‘

670 1180 705 1217 X
716 1181 758 1218 L.

58 1283 61 1286 ι
250 1237 491 1288 Qaeeunque
501 1233 673 1273 ha&enus
681 1232 725 1273 de
735 1234 854 1273 liberis
863 1233 960 1274 dista
969 1233 1052 1273 sunt
1060 1262 1073 1277 ‚
1098 1234 1329 1288 de'legitimis
1384 1283 1386 1287 ,

122 1291 446 1342 explicantormon
453 1289 498 1329 de
506 1291 597 1330 aliis.
616 1287 770 1342 Suscepti
781 1303 826 1329 ex
835 1291 931 1343 justo
943 1292 1186 1329 matrimonio
1197 1291 1262 1328 filii
1276 1291 1328 1328 le·
1380 1294 1390 1342 ᾗ

121 1349 245 1402 gitimi
256 1346 593 1400 filiaequelegitimae
602 1359 621 1383 e
629 1343 862 1384 descendente
871 1345 1128 1399 aNobisRegia
1139 1345 1329 1384 haeredita·
1383 1343 1390 1381 f?

120 1405 175 1442 ria
189 1401 296 1455 stirpe
309 1400 331 1438 s
325 1412 393 1439 unt
405 1401 459 1445 illi
473 1400 614 1446 Liberi,
626 1402 689 1453 qui
698 1401 763 1440 hac
774 1401 1049 1439 Constitutione
1060 1402 1304 1440 nominantur
1314 1428 1326 1446 ,

122 1460 160 1496 8<
170 1457 214 1496 ad
226 1457 368 1509 Imperii
379 1453 640 1495 Succeffionem
649 1458 770 1495 LEGE
789 1458 932 1495 REGIA
945 1467 1143 1496 vocantur.

205 1517 329 1566 Atque
341 1511 416 1551 liaec
427 1510 577 1564 quidem
587 1539 600 1555 ,
619 1523 803 1564 quantum
821 1511 986 1550 humana
996 1511 1199 1564 prospicere
1209 1511 1325 1563 potest
1369 1539 1375 1558 ,-

123 1568 311 1612 industria,
327 1566 479 1620 provide
487 1567 740 1606 ordinavimus
751 1594 764 1612 ,
781 1567 915 1607 intenti
932 1566 1097 1609 fovendae
1104 1565 1324 1607 conservan·
1381 1601 1385 1621 ;

122 1625 251 1677 daeque
259 1625 373 1675 quieti
383 1623 422 1662 δε
441 1624 699 1675 tranquillitati
711 1621 878 1675 publicae.

203 1678 270 1720 Sed
280 1679 497 1718 mortalium
506 1679 678 1718 omnium
689 1676 838 1718 consilia
849 1706 862 1721 ‚
872 1687 1160 1731 quantacunque
1165 1676 1322 1728 pruden-

121 1738 182 1777 tiae
191 1734 364 1774 inchoata
372 1735 562 1786 opinione,
572 1737 610 1773 in
622 1737 697 1772 DE!
712 1744 835 1773 tamen
845 1747 959 1773 manu
971 1732 1037 1772 fita
1047 1732 1139 1777 sunt,
1152 1734 1190 1772 δε
1201 1744 1240 1770 ut
1250 1735 1323 1773 ini-

120 1794 174 1831 tia
185 1788 340 1829 fortassis
351 1791 389 1829 in
403 1790 521 1829 nostra
532 1789 784 1841 fintpotestate
795 1816 805 1833 ,
815 1788 858 1828 de
869 1799 1002 1830 eventu
1019 1789 1185 1840 profeao
1194 1790 1322 1827 DEUS
1334 1791 1352 1817 ⁸

119 1847 346 1887 sublimioris
357 1847 646 1897 potentiorisque
657 1846 718 1883 fati
729 1843 880 1884 arbitrio
892 1844 1065 1885 decernit.
1119 1847 1205 1895 Ejus
1216 1846 1321 1884 Divi·

119 1917 176 1942 nae
187 1899 473 1953 providentiae&
494 1910 652 1952 paternae
668 1913 764 1939 curae
774 1902 970 1952 tutelaeque
988 1898 1219 1937 sut-cessuram
1242 1903 1321 1938 No·

121 1956 176 2007 bis
186 1958 408 2010 Progeniem
429 1957 604 1996 Nostram
621 1956 661 1994 ἃ
679 1954 903 1995 haereditaria
921 1956 995 1994 haec
1009 1957 1135 2008 Regna
1142 1952 1163 1990 s
1157 1953 1321 1994 ubditos·

144 2026 188 2051 ue
199 2012 353 2049 Nostros
362 2021 539 2050 aeternum
560 2010 877 2051 commendamus.
933 2013 1070 2053 Datum
1085 2011 1122 2047 in
1135 2012 1225 2049 Arce
1242 2014 1320 2049 No·

115 2027 186 2110 gra
197 2065 353 2106 Haffniae
365 2065 423 2105 die
431 2077 489 2114 14.
512 2066 712 2107 Novembr.
724 2069 768 2105 A.
785 2068 894 2112 1665.
903 2064 967 2104 sul>
978 2063 1100 2119 sigillo
1111 2065 1251 2107 Nostro

250 2146 930 2222 FRIDERICH,

550 2291 618 2342 Ad
628 2292 883 2351 Mandatum
891 2298 935 2342 S.
945 2297 996 2340 R.
1012 2293 1253 2353 ‘Iliqustatis

599 2364 816 2426 proprium

830 2444 890 2496 P.
932 2439 1323 2496 Schumacher.
