1384 2470
80 109 151 180 36
506 103 755 158 CAPUT
821 103 863 162 Ι.

77 207 179 271 iam
205 219 340 256 aetate
422 205 708 257 erudition‘e
724 206 1018 255 venerabilis
1041 205 1293 270 esi‚quem
1379 200 1384 205 “

84 290 196 325 cum
211 273 557 324 literatiffimus
576 275 766 341 Regum
781 274 1043 324 fridericus
1054 276 1127 324 111.
1142 285 1297 322 trans·
1327 305 1336 313 .

83 342 302 394 ferendis
321 342 374 393 in
399 341 638 392 Danicam
663 344 883 409 linguam
898 341 1078 410 scriptis
1099 338 1299 391 islandi-
1383 378 1384 387 ,

85 410 245 474 cis‚ut
266 410 590 476 interpretem
615 411 827 477 Regium
850 408 1132 468 adhiberet,
1151 410 1187 457 is
1210 408 1298 458 hac
1371 435 1384 469 ῃ

87 476 346 528 occasione
365 476 415 527 δι
435 478 557 545 Regi
579 477 627 527 δε
654 476 941 528 Proceribus
964 478 1122 545 Regni
1150 477 1299 527 inno·

85 545 266 596 tescere
294 542 537 612 simulque
568 560 735 597 rerum
776 561 834 596 ex
855 544 1195 597 monumentis
1218 560 1300 611 pa·

84 614 189 664 triis
218 613 687 680 Septentrionalium
722 614 927 682 peritior
957 613 1169 664 evadere
1203 624 1300 661 coe·

89 683 175 748 pit.
245 682 484 749 Praecipue
516 696 626 733 cum
659 686 762 733 Rex
798 682 1082 735 illum166z.
1106 682 1163 729 ad
1187 681 1300 745 Bry-
1381 692 1384 715 2

84 747 302 801 niolfum
332 751 668 810 Suenonium,
712 749 998 818 Episcopum
1038 747 1295 800 Schalhol·

90 816 280 868 tensem
303 818 362 868 ad
385 819 457 868 sua
475 833 625 884 usque
640 831 866 886 tempora
879 820 1043 868 omnis
1054 819 1200 866 aetatis
1214 816 1305 865 do-

89 884 353 937 ffiffimum
383 919 399 949 ,
445 887 752 952 (testimonio
793 884 935 953 ipsius
977 885 1189 948 Torfaei)
1242 882 1303 933 ad

90 951 428 1004 addiscendam
459 970 638 1006 vocum
677 952 1004 1005 difficiliorum
1041 951 1306 1020 phrafium-

91 1035 188 1089 que
230 1021 544 1089 antiquarum
580 1024 849 1091 genuinam
891 1020 1305 1089 significationem

90 1105 203 1140 cum
236 1091 401 1155 Regiis
427 1090 581 1140 literis
621 1092 856 1141 mitteret.
929 1092 1053 1140 Vide
1085 1087 1306 1140 addenda

89 1154 365 1207 Vinlandiae
380 1158 586 1225 antiquae
599 1158 886 1224 ·Quum-ille
905 1158 1170 1226 aliquando
1193 1171 1308 1206 cum

85 1227 349 1276 *Procerum
364 1225 568 1293 un0‚qui
589 1226 738 1294 ipsum
764 1227 908 1291 paulo
926 1225 1214 1280 familiarius
1224 1222 1310 1272 ad-

89 1293 288 1346 mittere
309 1292 592 1356 sdlebat‚de
618 1292 815 1344 vetustis
835 1293 966 1344 hisce
999 1293 1145 1342 rebus
1177 1288 1308 1341 forte

90 1360 387 1427 colloquens
399 1393 414 1420 ‚
430 1361 630 1422 diceret,
647 1362 748 1412 satis
760 1362 919 1413 valide
930 1377 986 1411 ex
999 1360 1312 1410 Islandorum

89 1430 428 1481 monumentis
441 1427 633 1496 probari
646 1428 803 1497 posse,
817 1429 1033 1498 primum
1048 1429 1308 1478 Danorum
1382 1437 1384 1447 ⁴

90 1497 366 1567 principem
395 1512 501 1548 non
533 1495 731 1548 Danum
763 1497 837 1548 sed
860 1496 1119 1548 Skioldum
1145 1490 1310 1559 fuisse,
1368 1504 1371 1506 ·

91 1568 132 1616 is
156 1563 254 1614 haec
275 1564 423 1616 verba
444 1565 506 1616 ad
539 1567 726 1634 Regem
747 1567 854 1632 (qui
886 1561 1136 1616 subcesiv'is
1171 1562 1307 1611 horis

129 1631 201 1682 ost
223 1629 437 1684 absoluta
460 1635 599 1701 regni
622 1635 820 1699 negotia
838 1635 898 1684 de
922 1632 1150 1683 literariis
1164 1630 1310 1679 rebus

91 1649 233 1767 foqui
260 1695 375 1768 saepe
396 1702 659 1769 gaudebat)
676 1699 856 1752 retulit.
928 1701 1092 1766 Quam
1121 1697 1311 1756 senten-

91 1769 217 1819 tiam
231 1782 346 1820 cum
360 1770 602 1820 suenonis
626 1769 850 1837 Aggonis
871 1767 1157 1819 testimonio
1186 1767 1314 1816 veri·

93 1835 382 1887 similiorem
405 1833 682 1887 reddidisset
708 1869 723 1895 ‚
757 1833 892 1900 iussus
925 1854 950 1887 a
992 1837 1162 1885 REGE
1182 1849 1306 1883 con-

94 1904 431 1955 troversorum
476 1904 647 1955 Daniae
686 1906 962 1972 Principum
1019 1906 1313 1971 Regumque

94 1972 326 2023 ordinem
349 1986 408 2021 ex
434 1970 667 2041 praedichs
689 1972 1030 2023 monumentis
1043 1969 1311 2021 collechim

85 2040 252 2090 *latino
304 2036 531 2091 sermone
569 2039 852 2090 describere.
923 2041 1158 2106 Quorum
1201 2037 1314 2087 licet

108 2113 243 2158 *auca
272 2107 421 2158 nimis
454 2120 611 2174 eaque
642 2108 796 2157 nimis
827 2106 1025 2172 dispersa
1057 2105 1116 2154 ad
1141 2119 1315 2155 manus

131 2175 322 2239 aberet,
336 2190 428 2226 nec
453 2174 629 2240 scriptis
651 2173 745 2224 illis
784 2173 1076 2241 dignissimis
1089 2205 1104 2231 ‚
1117 2188 1229 2240 quae-
1243 2173 1315 2224 lu-

91 2259 203 2294 cem
216 2244 417 2294 videant
431 2243 676 2312 pubiicam
692 2242 772 2304 ,in
795 2242 961 2310 Regiis
992 2242 1218 2292 Archivis
1240 2256 1315 2292 re·

93 2311 288 2364 servatis
301 2342 316 2371 ,
329 2307 430 2363 usus
455 2306 829 2379 effet,quaedam
842 2312 994 2362 etiam
1014 2322 1130 2360 ante
1154 2322 1191 2371 15
1207 2322 1314 2366 tum

1155 2390 1316 2428 annos
