1384 2470
447 107 690 163 CAPUT
750 104 845 166 IV.
1131 121 1228 171 105

0 237 6 248 ·
37 223 190 280 :prout
216 228 274 264 ex
306 211 401 263 fide
423 213 583 282 dignis
608 216 946 267 monumentis
965 213 1131 284 colligi
1152 233 1241 284 po·

0 305 4 315 ·
45 293 243 333 :uerunt
261 281 373 345 justa
384 281 500 334 serie
517 282 708 334 dedusti
727 283 1103 348 recensentur3in
1123 286 1242 336 alte-

0 375 1 379 =
36 362 102 398 ϊο
125 365 244 400 vero
257 350 442 418 pariete
465 351 596 402 idem
613 350 942 403 illustrissimus
964 353 1108 403 heros
1129 369 1244 405 curn

0 459 1 462 ,
45 414 271 469 fratribus
304 435 358 468 ac
388 417 631 471 sororibus
661 419 708 470 &
728 436 784 470 ex
807 420 898 471 illis
917 419 1244 472 descendente

45 485 431 537 numeroliffima
445 488 711 557 progenie,
724 502 958 555 quantum
979 488 1084 539 fieri
1106 503 1249 556 potu-

30 553 454 608 ,inaccuratissime
475 557 782 626 proponitur.
800 561 801 564 ’
819 559 942 625 Qiae
963 559 1162 624 quidem
1191 575 1249 608 o—

29 625 183 674 lmnia
208 637 257 675 ut
269 623 389 692 grati
415 625 814 687 inbeatissimum
840 628 1056 677 Heroem
1078 626 1252 691 animi,

47 689 419 760 humillimique
431 693 482 745 in
497 693 733 756 familiam
748 693 1102 745 illustrissimam
1116 693 1254 745 obse-

46 762 130 825 qui
142 760 339 828 aliquod
350 760 937 814 exstaretmonumentum
953 762 1254 830 inpublicam

49 829 210 880 lucem
226 830 591 896 producuntura
604 829 846 881 Friderico
869 829 1144 899 Rostgaard.
1160 831 1255 882 Lii-

49 896 180 949 becae
200 899 251 949 in
269 897 353 950 fol.
365 897 526 950 forma
549 910 760 966 patente.

387 983 732 1156 CAPigT
791 943 932 1068 IV.

92 1191 628 1242 SCRIPTORIBIIS
671 1191 913 1237 REGNI
960 1193 1214 1238 DANIAE

226 1269 1084 1320 CHOROTOPOGRAPHICIS

591 1352 640 1415 §-
686 1363 724 1398 t.

230 1445 479 1511 Ntequam
504 1439 942 1510 Chorographicos
955 1438 1123 1489 Daniae
1142 1439 1263 1489 Scri-

250 1525 414 1578 ptores
435 1509 790 1568 recenseamus,
803 1510 982 1559 merito
1004 1512 1171 1555 Nuolm·
1182 1511 1266 1571 five

252 1582 419 1630 Claudii
438 1585 596 1645 Nigri,
627 1576 990 1631 Mathematici,
1004 1575 1166 1625 laudes
1187 1576 1267 1626 hic

254 1647 609 1717 praemittendas
639 1646 731 1697 effe
770 1644 1052 1697 censuimus.
1122 1643 1269 1694 Cele-

62 1722 233 1772 bratur
250 1729 414 1767 autem
439 1715 517 1766 hic
543 1717 668 1765 inter
695 1715 863 1766 Danos
885 1726 967 1763 aut
986 1729 1013 1762 e
1035 1712 1192 1762 Dama
1210 1728 1268 1761 o-

6 1837 7 1849 ,
63 1789 269 1842 riundos
289 1817 304 1844 ‚
328 1784 407 1834 vel
430 1785 524 1834 hoc
545 1783 751 1834 nomine
784 1814 800 1842 ‚
844 1781 975 1848 quod
997 1780 1271 1831 universam

57 1856 235 1911 *Daniae
274 1851 647 1920 descriptionem
677 1851 724 1901 ἅ.
751 1848 1138 1900 delineationem
1162 1863 1272 1916 per-

4 1930 6 1941 '
66 1927 341 1992 elegantem
357 1921 594 1988 petitione
617 1919 763 1986 Regis
786 1916 1013 1985 impulsus
1032 1916 1275 1984 deprope-

0 1972 5 2040 ⁸1
69 1994 293 2046 raverit.·
336 1986 607 2039 Obstritstos
644 1990 688 2038 ei
715 1989 843 2038 hunc
875 1984 1014 2036 suum
1046 1985 1115 2035 ob
1135 1984 1276 2036 labo-

0 2085 3 2149 ,
69 2077 176 2113 tem
199 2073 377 2110 omnes
409 2055 662 2124 profitetur
693 2053 863 2105 destos
887 2052 1120 2118 franciscus
1144 2057 1277 2101 Ireni·

0 2155 1 2190 ;
71 2145 243 2196 cus-ap.
283 2129 560 2176 Pontanum
587 2125 640 2174 in
670 2122 1074 2190 Chorographica
1108 2121 1278 2172 Daniae

0 2196 1 2203 ’
76 2190 294 2263 descript.
321 2210 362 2261 p.
386 2201 483 2254 785.
736 2204 743 2209 '

209 2265 334 2329 §alh
374 2263 438 2311 Ex
462 2259 676 2311 instituto
695 2259 873 2311 Choro
897 2255 992 2308 five
1017 2256 1280 2326 Topogra·

77 2330 268 2400 phicam
281 2329 453 2382 Daniae
472 2329 846 2446 descriptignem
867 2327 1108 2382 dederunt
1129 2340 1279 2444 quzm

134 2411 138 2416 ’
763 2412 785 2458 5
1174 2410 1202 2462 P
1226 2405 1280 2443 υ*
