1384 2470
481 123 726 180 CAPUT
786 123 826 180 1.
1177 130 1254 198 67

79 228 138 279 de
151 229 328 297 dignos
349 228 543 280 Scaldos
563 229 777 281 secutum
797 227 891 282 effe
911 249 928 294 3
968 231 1034 283 fui
1074 248 1101 282 e
1128 236 1253 282 Vero

99 298 306 348 aximam
323 296 609 348 Scaldorum
631 309 819 366 partem
840 313 897 349 ex
917 298 1127 350 Islandia
1151 299 1253 350 ori'·

0 367 36 428 ξ’,
77 364 225 415 ndam
247 363 381 431 supra
410 367 508 431 jam
531 365 831 417 monuimus.
901 374 1053 416 Petrus
1067 369 1253 428 Claudii,

0 421 202 486 ¹&Pastor
217 432 488 485 Undalinus
510 432 562 483 in
584 432 871 501 Norvvegia
884 434 1012 485 circa
1036 438 1095 489 A.
1107 438 1250 494 1600.

0 500 95 604 '‘J'in
126 499 453 568 descriptione
494 502 656 568 Regni
694 502 993 568 Norvvegiae
1022 499 1249 567 subjedia‘-

0 569 255 634 tsi-umque
281 567 566 626 Insularum,
590 569 720 619 hunc
749 569 799 619 in
822 568 1007 622 sensum
1039 568 1248 638 scripsit:

0 635 216 702 {7³⁷1slandi
236 651 347 687 cum
366 636 410 687 le
428 634 919 702 militaribuqartibus
939 636 1144 688 bellisve
1163 637 1250 690 ad·

0 708 16 743 θ
34 703 202 755 versus
225 716 406 755 exteras
418 704 646 756 nationes
658 704 914 757 exercendi
934 704 1250 760 occasionem

0 771 21 826 ’ἦ
31 781 144 825 non
157 772 411 829 haberent,
424 771 670 840 scriptioni
686 771 1027 842 librorumque
1039 788 1249 842 compo.-

0 838 199 892 rfitioni
221 856 423 907 operam
446 839 707 892 dederunt.
777 841 952 892 Varios
981 842 1034 893 in
1063 857 1246 896 eorum

0 924 12 938 ·
31 906 188 960 ‘Insula
208 908 358 959 libros
379 908 501 959 olim
525 909 826 974 conscriptos
846 907 939 960 effe
956 908 1158 970 constat,
1169 923 1244 962 at-

0 978 11 1014 Ι
30 981 134 1044 ‘que
151 975 394 1044 imprimis
407 975 610 1027 brevem
624 977 1085 1045 Cosmographiam,
1097 978 1245 1048 eiqve

0 1056 11 1070 ·
31 1041 277 1096 annexam
299 1043 724 1112 Chronologiam,
745 1044 1097 1097 describentem
1128 1046 1244 1099 toti-

0 1106 94 1180 *fus
122 1111 257 1163 orbis
290 1112 539 1180 Regiones
566 1128 620 1163 ae
639 1113 899 1181 Regna‚&
927 1114 1243 1181 quinamRe-

0 1192 10 1207 ·
32 1229 34 1231 ,
73 1195 123 1231 es
142 1179 491 1234 celebrioribus
515 1181 674 1250 regnis
688 1179 982 1248 praefuerint,
1006 1196 1159 1251 usque
1177 1182 1242 1237 ad

0 1263 8 1277 ·
32 1194 270 1315 {agnam
290 1248 424 1299 illam
453 1247 635 1318 pestem
668 1249 804 1301 Anni
833 1263 884 1317 13
894 1266 975 1309 50.
1000 1250 1243 1328 praecipue

0 1328 8 1343 ·
30 1316 195 1369 autem
219 1331 322 1384 quae
340 1318 393 1369 in
414 1315 693 1369 Borealibus
718 1315 841 1369 hisce
861 1318 1003 1368 terris
1015 1331 1244 1387 contige·

0 1410 6 1432 ι
31 1385 153 1444 rint,
164 1386 334 1436 omnia
346 1386 403 1436 ad
417 1385 520 1438 suos
539 1401 696 1437 annos
710 1385 972 1454 diligenter
986 1400 1244 1445 annotata.

0 1453 5 1490 ²
32 1452 265 1504 Praeterea
277 1454 449 1509 lslandi
468 1455 519 1505 in
540 1454 675 1506 suum
691 1453 877 1506 idioma
889 1454 1071 1506 multos
1084 1454 1241 1507 libros

0 1533 4 1546 ’
31 1519 396 1582 transtulerunt,
409 1523 645 1592 praecipue
657 1522 938 1581 Historicos,
958 1524 1043 1591 qui
1064 1522 1242 1574 etiam·-

0 1601 4 1615 '
32 1604 157 1644 num
179 1590 230 1640 in
251 1605 426 1643 eorum
447 1592 598 1657 patria
619 1591 970 1651 inveniuntur,
996 1591 1240 1660 multique

0 1670 4 1682 ’
33 1668 209 1714 eorum
229 1657 321 1709 huc
334 1659 409 1723 (in
424 1659 786 1725 Norvvegiam)
799 1658 972 1728 perlati
988 1658 1103 1712 sunt.
1132 1662 1240 1710 Nec

0 1749 1 1754 ¹
33 1727 197 1779 minus
217 1725 503 1787 Gallorum,
522 1726 794 1794 Anglorum
824 1725 1124 1794 aliarumque
1153 1742 1242 1778 na-

30 1794 227 1847 tionum
260 1793 477 1845 historias
505 1795 559 1844 in
588 1795 715 1846 suam
748 1795 968 1863 lingvam
990 1794 1240 1847 transtule-

34 1869 169 1922 runt.
237 1863 397 1914 Ericus
420 1862 864 1921 Brockenhoulius,
887 1862 1082 1920 Nobilis
1102 1865 1238 1914 Nor-

33 1935 237 1999 vvegus,
253 1930 337 1998 qui
360 1930 484 1981 circa
508 1935 567 1986 Α.
590 1934 722 1995 1567,
744 1929 1077 1982 Praefeeiuram
1093 1934 1241 1982 Man-

33 1995 275 2050 dalensem
291 1997 646 2067 gubernavit,se
660 1999 848 2066 integra
864 1998 1012 2050 Biblia
1026 2000 1077 2049 in
1090 1997 1241 2049 Islan·

33 2064 191 2117 dicam
217 2066 435 2134 lingvam
458 2064 689 2117 transfusa
708 2079 856 2135 atque
874 2080 986 2117 ante
1013 2080 1129 2133 300.
1151 2082 1240 2117 an·

33 2147 128 2185 nos
150 2148 366 2195 exarata,
390 2129 554 2186 vidiffe
574 2131 887 2195 asseveravit,
907 2133 1237 2201 addiditque-a,

33 2201 215 2278 primas
240 2201 541 2270 {iugulorum
562 2203 773 2271 capitum
795 2203 955 2253 literas
975 2217 1138 2252 aureas
1161 2200 1240 2252 fu·

35 2264 132 2319 isse.
155 2268 379 2320 Tandem
395 2268 661 2322 multorum
676 2286 733 2323 ex
747 2265 976 2321 vetustate
989 2269 1236 2336 pugilum..

32 2335 243 2409 historia·
262 2334 378 2394 alibi
397 2354 509 2394 non
522 2352 739 2391 extantes
753 2338 806 2391 i'n
825 2338 1028 2392 lslandia
1042 2337 1239 2388 inveni-

592 2407 629 2460 Ε
662 2421 686 2464 z
1073 2418 1234 2459 untur.
