1390 2496
446 93 758 151 CAPUT
796 91 893 156 VI.
1154 108 1259 163 23¹

0 233 6 264 r
50 220 254 266 *Primum
274 226 444 265 autem
464 224 820 282 argumentum
839 226 932 281 pro
949 208 1266 263 afferendo&

0 298 21 357 b,
47 282 363 355 guindicando
375 281 540 351 Regia:
550 281 684 350 stirpi
699 282 751 332 in
761 282 991 349 Regnum
1003 279 1172 331 Daniae
1183 281 1264 342 Ju-

0 366 18 417 ἠ
45 355 115 412 we
135 351 468 415 haereditariO,
490 349 615 419 petit
632 360 902 419 aperpetua
933 347 983 400 &
1000 345 1261 400 necefl'aria

0 434 9 482 ;
42 419 406 501 ,gn-oximorum
435 420 489 470 in
522 421 702 487 Regno
731 416 1019 470 successione
1038 449 1055 474 ‚
1079 431 1173 484 qua
1192 430 1262 467 ne

0 527 8 540 .
46 488 271 556 {quidem
284 488 354 538 illi
373 520 387 545 ,
414 487 499 557 qui
512 485 928 554 imperioindigni
941 484 1046 536 sunt
1057 484 1159 546 vifi,
1172 499 1262 534 ne-

0 584 11 621 ,
43 571 161 624 «que
171 557 259 626 qui
278 555 435 609 Danis
454 553 653 608 fuerunt
667 554 831 606 minus
843 553 969 621 grati
984 553 1032 616 ὃς
1050 552 1262 619 accepti,

0 653 7 689 ¹
93 624 295 676 rateriri
314 634 598 691 potuerunt.
663 621 1006 674 Confirmatur
1023 620 1122 672 hoc
1136 621 1262 670 duo-

0 734 4 749 .
54 697 60 704 ‘
98 708 151 746 us
178 693 476 761 potiffimum
496 691 820 761 argumentis,
843 692 883 755 ι)
905 689 1132 756 exemplo
1144 691 1259 738 Sue·

54 763 208 812 nonis
231 761 412 814 Canuti
437 762 510 811 M.
536 775 594 811 ex
621 759 787 810 sorore
818 758 1027 824 Nepotis
1054 793 1070 822 ,
1099 771 1255 823 quem

46 828 220 884 Danos
242 845 350 882 non
375 843 548 881 amore
564 827 730 895 aliquo
741 826 933 885 ductos,
959 824 1035 877 sed
1057 822 1258 877 necessi-

48 910 154 950 tate
184 898 342 958 adius,
363 899 476 966 quia
495 913 524 948 e
551 896 765 975 prosapia
786 895 936 963 Regia
958 908 1112 946 nemo
1131 892 1255 943 alius

45 964 300 1035 supereffet
311 999 325 1023 ‚
335 968 526 1034 Regem
539 964 625 1016 {ibi
636 960 827 1033 elegisse
839 962 998 1014 scribit
1009 961 1254 1014 Meurfius

47 1035 102 1086 in
130 1033 308 1086 Histor.
343 1034 472 1089 Dan.
496 1035 540 1084 P.
554 1036 588 1083 1.
612 1031 722 1085 libr.
739 1036 823 1087 111.
848 1048 894 1098 p.
919 1037 1002 1096 58.
1071 1032 1156 1095 (2)
1190 1031 1251 1079 E-

51 1102 257 1170 xemplo
272 1101 441 1154 Abelis
452 1133 466 1156 ‚
493 1101 580 1169 qui
600 1099 733 1152 fratri
753 1100 895 1151 Erico
907 1131 921 1159 ,
939 1095 1058 1165 juffu
1076 1097 1161 1148 suo
1176 1096 1252 1148 'm-

44 1169 262 1222 terfesto
286 1168 494 1223 successit
506 1202 520 1229 ‚
539 1169 589 1219 &
608 1176 694 1217 Rex
712 1169 965 1230 Neceffitrius
984 1165 1158 1218 dicitur
1180 1177 1252 1215 te·

41 1238 114 1290 ste
128 1242 354 1291 Pontano
373 1241 484 1289 Rer.
506 1237 634 1292 Dan.
663 1234 842 1290 Histor.
862 1234 970 1285 libr.
995 1236 1076 1285 VI.
1092 1251 1136 1301 p.
1153 1248 1252 1301 337.

41 1306 130 1359 ubi
145 1319 244 1357 tres
263 1305 575 1358 recensentur
589 1302 753 1359 causae,
774 1303 994 1354 curDeni
1013 1300 1220 1352 Abelem
1235 1333 1253 1360 ‚

40 1372 341 1427 fratricidam
363 1373 479 1424 licet
497 1406 513 1429 ‚
536 1373 586 1423 &
608 1373 668 1422 ab
684 1372 824 1422 omni
847 1370 1145 1422 successionis
1171 1371 1254 1432 Ju-

40 1457 96 1494 re
108 1442 291 1494 merito
303 1440 372 1493 ob
384 1442 510 1492 hanc
521 1439 702 1492 caedem
715 1438 1102 1509 praecludendum
1112 1472 1126 1495 ,
1138 1453 1257 1505 prae-

0 1526 1 1530 ¹
43 1510 193 1561 terire
221 1525 328 1561 non
359 1509 628 1578 potuerint,
715 1511 954 1571 Secundmn¹
983 1521 1254 1573 argumen-

41 1591 149 1629 tum
177 1575 315 1630 [itum
336 1577 478 1631 estin
510 1575 803 1630 successione
833 1575 958 1627 sexus
990 1573 1251 1642 sequioris,

42 1661 132 1715 per
153 1660 300 1714 quam
329 1660 436 1696 non
459 1644 613 1696 solum
639 1647 867 1712 Regnum
897 1643 954 1694 ad
978 1656 1159 1693 exteras
1182 1640 1252 1692 fa-

45 1714 206 1766 milias
227 1713 343 1782 (aepe
364 1712 460 1764 fuit
485 1712 775 1763 devolutum
790 1744 804 1770 ,
828 1711 903 1765 sed
927 1712 1095 1767 etiam,
1118 1709 1256 1775 quod

31 1780 137 1850 ‘ipsa
157 1780 426 1849 aliquando
447 1779 652 1831 foemina
668 1813 680 1833 ‚
704 1780 863 1847 Regni
892 1779 1040 1831 haeres
1061 1819 1072 1836 ,
1099 1779 1254 1829 Danis

45 1850 323 1918 imperavit.
416 1854 596 1898 Tertium
624 1860 974 1916 argumentum
1010 1847 1259 1914 colligitur

44 1934 74 1970 a
93 1915 387 1970 (uccesfione
418 1916 729 1985 impuberum
751 1948 765 1975 ‚
798 1915 1012 1982 indeque
1049 1913 1259 1964 firmissi-

46 2001 130 2038 me
153 1985 336 2049 conjici
370 1980 501 2052 posse
531 1983 768 2035 existimat
801 1982 1001 2042 audior,
1028 1987 1262 2049 Regnum

47 2067 155 2106 non
176 2053 330 2104 libera
360 2052 603 2104 elestione
623 2051 700 2102 (ed
725 2049 1025 2103 successionis
1052 2049 1259 2102 Iuercad

63 2121 279 2173 haeredes
314 2117 610 2189 pertinuiffe.
695 2123 870 2171 Pueros
897 2134 1064 2170 autem
1103 2121 1264 2184 Reges

67 2202 254 2241 creatos
276 2189 325 2239 δι
352 2201 615 2240 coronatos
638 2185 772 2240 fuisse
810 2187 1044 2254 exemplis
1081 2188 1203 2237 Erici
1227 2188 1266 2241 Ι.

62 2258 188 2323 (qui
208 2259 335 2309 hanc
355 2258 422 2309 ob
442 2255 625 2308 causam
641 2289 653 2312 ‚
674 2255 806 2324 quod
839 2259 958 2307 Puer
973 2257 1096 2307 Patri
1111 2255 1269 2304 succe-

73 2323 216 2379 deret
236 2358 252 2385 2
279 2337 623 2398 cognomento
650 2328 775 2445 gam
795 2336 990 2378 vocatus
1012 2322 1113 2441 estd)
1134 2320 1272 2395 Wal·⁴

722 2409 757 2455 4
1113 2405 1266 2441 eman
