1390 2496
428 77 913 143 ⁴1ss3(0)}&1·
1171 93 1282 152 357

0 174 25 239 ἦ.
73 177 191 237 esto.
261 175 349 245 Ipsi
373 177 600 242 invicemi
610 179 678 236 ita
700 176 745 230 se
770 169 1114 246 praecedunto,
1132 168 1281 251 prout

0 271 16 306 e
74 261 421 314 quemcunque
445 246 590 299 lineae
616 247 759 302 series
769 249 1055 305 Diademati
1066 248 1279 327 sceptro-

0 339 24 375 ιι
72 331 172 387 que
192 315 412 387 propiori
432 316 510 385 spe
532 317 776 380 admovit,
1252 346 1255 349 >

0 408 23 459 μ
79 494 86 498 .
209 452 514 523 Principibus
544 453 786 524 sanguinis
814 454 957 523 Regii
983 466 1281 523 competens

71 521 244 575 forum
263 523 448 590 Regale
469 521 785 588 solium-esto3
819 526 920 579 Rex
934 524 1121 592 primus
1137 524 1185 577 ἅτ
1204 525 1283 578 ul-

0 602 17 651 t
71 594 410 646 timuseorum
431 592 914 662 Judexcompetens,
933 603 1018 645 aut
1041 606 1166 662 quos
1179 592 1277 663 spe-

0 671 20 720 i.
69 660 429 715 cialimandato
438 660 763 780 delegavezlit,
1202 665 1204 667 ’

585 731 677 786 XX
724 731 763 790 Ι,
810 774 819 787 ,

0 824 16 859 0
79 824 82 827 ,
209 800 531 869 Quaecunque
545 801 641 866 jam
673 798 734 850 de
754 795 976 851 absoluto
998 798 1147 864 Regis
1172 796 1279 851 Do·

0 891 14 929 0
62 867 261 924 minio,
283 866 738 935 &supereminente
766 865 1001 934 potestate
1014 865 1143 919 dicta
1156 865 1280 928 sunt,

69 937 122 988 &
141 935 174 986 fi
187 952 291 1005 quae
314 936 443 990 forte
456 933 628 990 omissa
647 948 845 990 autnon
859 935 922 986 ita
936 935 1080 1006 plane
1102 950 1157 987 ac
1168 950 1280 1006 per·

71 1005 234 1074 spicue
246 1004 484 1073 exposita,
505 1021 562 1058 ea
576 1004 749 1057 omnia
771 1004 870 1059 haec
881 1002 1086 1057 clausula
1107 1002 1279 1058 brevi·

71 1087 150 1125 ter
165 1074 213 1123 &
227 1073 434 1125 nervose
446 1072 808 1143 compleciitur.
874 1071 1045 1129 Daniae
1064 1073 1279 1127 Non-we·

70 1143 163 1211 giae
178 1145 280 1192 Rex
293 1141 533 1209 supremus
545 1175 561 1205 ‚
582 1140 859 1196 liberrimus
873 1173 888 1196 ι
907 1138 1144 1195 absolutus
1161 1143 1280 1193 Mo·

70 1211 256 1263 narcha
270 1227 322 1259 ac
337 1212 587 1265 Dominus
606 1208 709 1263 esto
720 1241 736 1266 2
749 1208 1059 1263 haereditario
1072 1208 1279 1277 'posthac

71 1280 122 1331 &
143 1293 333 1333 aeterno
351 1278 590 1347 sanguinis
605 1279 748 1342 Jure,
769 1277 834 1329 ita
848 1308 869 1336 ,
883 1291 936 1332 ut
960 1279 1193 1349 quicquid
1215 1277 1278 1330 de

70 1346 323 1406 absolut0‚
339 1346 705 1401 haereditario&
718 1345 764 1399 su
800 1361 969 1403 remo,
991 1347 1279 1405 liberrimo,

71 1416 159 1485 pio
187 1431 239 1468 ac
252 1415 532 1471 Christiano
555 1419 767 1469 Monate
806 1430 832 1466 a
851 1414 943 1469 dici
958 1415 1004 1468 δι
1030 1416 1080 1466 in
1095 1417 1193 1481 ejus
1209 1412 1280 1468 fa·

72 1499 254 1537 vorem
281 1500 336 1537 ac
363 1484 691 1535 commodum
711 1482 837 1541 trahi
876 1481 1279 1550 scribique-solet,

73 1552 126 1604 id
139 1567 294 1603 omne
306 1550 368 1603 de
381 1552 547 1603 Daniae
561 1551 937 1627 Norwegiaeque
947 1555 1084 1618 Rege
1097 1583 1112 1610 ‚
1127 1552 1280 1602 inter·

72 1620 349 1688 pretatione
363 1619 551 1689 semper
563 1620 828 1686 benignius
841 1618 962 1674 faita
976 1621 1025 1673 in
1039 1619 1285 1671 favorabi-

71 1689 255 1740 liorem
275 1701 461 1755 partem
473 1721 489 1746 2
510 1699 747 1755 tanquam
772 1691 824 1741 in
845 1688 973 1743 causa
988 1690 1200 1740 maxime
1215 1686 1284 1740 fa·

76 1756 289 1810 vorabili
300 1789 314 1813 ‚
327 1756 629 1812 statuendum
648 1775 666 1823 3
701 1771 755 1807 ac
769 1757 890 1810 illud
912 1754 1063 1826 ipsum
1081 1757 1178 1824 pari
1197 1772 1282 1806 ne·

75 1840 174 1894 que
190 1825 281 1877 alia
310 1826 503 1879 ratione
531 1826 593 1877 de
625 1825 928 1878 haereditaria
954 1839 1154 1893 quoque
1186 1825 1281 1879 Da-

74 1895 168 1946 niae
191 1894 237 1945 &
256 1893 536 1962 Norwegiae
560 1895 777 1959 Regina,
811 1892 842 1946 si
866 1893 1068 1962 quando
1099 1894 1157 1942 ad
1194 1891 1284 1943 foe·

75 1962 235 2016 minas
249 1961 548 2015 successionis
560 1961 688 2014 ordo
699 1961 1004 2030 pervenerit,
1019 1960 1285 2013 definitum

77 2029 205 2090 esto,
227 2031 508 2100 dictumque
523 2044 737 2099 putator.
804 2032 859 2082 Et
872 2030 1277 2098 quandoquidem

74 2099 364 2166 quotidiana
387 2100 684 2167 experientia
711 2098 915 2150 &tristia
927 2099 1131 2152 aliarum
1154 2114 1283 2165 gen*-

76 2169 202 2219 tium
244 2168 467 2235 exempla
489 2167 608 2220 -satis
637 2167 870 2235 superque
908 2166 1253 2219 demonstrant
1268 2203 1279 2219 .

79 2248 264 2302 quanto
294 2237 342 2290 id
373 2251 477 2290 tum
513 2235 931 2309 Principisipsius,
959 2250 1065 2286 tum
1080 2234 1283 2308 publica:

79 2306 384 2358 detrimento
422 2305 559 2358 rei&
594 2305 920 2422 incomeodo
952 2303 1059 2363 fiat,
1090 2301 1284 2421 quostigs

762 2390 778 2437 ε
1198 2384 1228 2420 u
1269 2398 1287 2412 -
