1390 2496
140 123 254 174 ²70
486 108 752 169 CAPUT
788 109 935 173 Vm.

132 232 266 300 supra
279 230 485 283 diximus
497 263 511 286 ,
532 230 602 281 ibi
612 230 991 298 commigrarint
1000 265 1016 291 ,
1035 232 1231 286 diversis
1244 235 1339 304 igis

128 314 209 354 tur
221 299 402 350 imbuti
425 298 869 358 consuetudi'nibuz

265 374 311 430 §-
331 371 388 419 ΙΙ.
427 368 593 420 Primo
603 380 773 419 tamen
794 370 852 422 A.
865 373 979 436 928.
997 367 1256 421 confilium
1275 370 1342 423 de

126 439 321 506 Legum
342 434 505 487 forma
516 435 674 503 aliqua
689 440 951 488 communi
980 437 1160 487 initum
1187 436 1339 491 refert

124 510 386 571 Arngm'mus
416 503 450 561 l.
475 520 517 558 c.
554 504 783 557 instinstu
814 504 1066 570 cujusdam
1101 505 1309 558 Ulfflioti
1322 539 1338 564 ,

125 574 280 641 quiex
291 572 558 639 Norwegia
575 572 936 641 Guletingeniis
954 574 1074 625 Iuris
1088 576 1340 643 exemplar

123 656 238 694 ante
250 641 514 692 biennium
527 642 767 705 attulerat,
781 641 913 693 unde
929 641 976 693 &
990 641 1167 693 Blandi
1182 644 1338 696 multa

121 710 308 763 eodem
319 707 438 759 teste
449 709 655 760 mutuati
670 707 792 760 sunt.
863 711 990 762 Huic
1003 713 1194 779 Legum
1214 727 1339 764 con-

122 776 420 832 formationi
450 778 669 840 ffiorleifus
681 783 768 826 Hin
787 781 920 844 Spaeke
940 782 1028 830 i.e.
1048 779 1234 847 sapiens
1256 782 1339 831 ad-

125 847 248 899 scitis
268 845 458 912 aliquot
481 845 705 915 Collegis
729 846 946 914 praefuit3
982 847 1030 897 &
1050 859 1106 899 ut
1128 847 1199 898 illi
1223 866 1339 918 pro-

121 914 400 983 mulgandae
411 914 571 982 aptior
585 913 718 967 locus
737 912 877 971 effet,
904 914 1071 967 forum
1091 915 1211 967 iliud
1231 933 1338 968 ma·
1372 909 1390 947 A

122 999 279 1054 gnum
293 982 342 1033 &
353 981 588 1049 generale
600 995 718 1035 tunc
731 983 946 1052 primum
961 983 1238 1036 institutum
1251 986 1337 1046 est,

120 1052 257 1122 quod
274 1050 570 1121 praecedenti
584 1053 744 1121 capite
764 1051 825 1101 ab
846 1052 1027 1102 eodem
1058 1056 1335 1122 Arngrimo

122 1139 171 1192 p,
187 1123 315 1186 448.
342 1117 624 1171 describitur
647 1136 659 1174 ξ
697 1125 924 1169 Conventus
944 1122 1173 1171 incolarum
1198 1123 1248 1170 Εἴ
1261 1129 1335 1171 Co-

120 1195 245 1241 mitia
262 1206 431 1248 annua,
451 1191 669 1236 vernacule
696 1187 867 1254 wrong
898 1190 1040 1251 dille,
1062 1208 1145 1256 quo
1165 1209 1217 1237 ex
1241 1206 1335 1239 tota

120 1264 299 1309 civitate
325 1257 538 1305 Islandicae
562 1263 788 1322 quotannis
804 1261 1028 1320 gregatim
1052 1261 1334 1320 confluebant,

121 1327 170 1377 (θ’
180 1330 424 1394 plerumque
444 1325 566 1386 cause
580 1328 797 1389 graviores
813 1323 1159 1389 reservabantur,
1191 1326 1241 1372 (5
1256 1330 1339 1390 per'

118 1397 434 1462 appellationem
452 1393 765 1457 relegabuntur.
842 1391 964 1442 Inde
973 1407 1134 1443 novus
1159 1393 1326 1461 Magi-

121 1464 291 1515 stratus
307 1460 413 1530 post
426 1459 835 1511 bienniumnatus
847 1458 915 1510 est
928 1488 945 1515 5
960 1461 1046 1527 qui
1058 1463 1247 1528 Legum
1260 1459 1329 1512 ass

116 1532 272 1584 sertin·
286 1525 402 1580 esset
415 1561 430 1588 ,
441 1542 593 1597 quem
607 1526 1000 1596 Nomophylacis
1022 1525 1102 1579 seu
1122 1527 1333 1582 Praefidis

119 1598 331 1654 nomine
356 1596 637 1666 insigniunt.
712 1595 822 1647 Hoc
845 1596 1001 1647 modo
1027 1596 1174 1647 initio
1203 1613 1335 1662 quae-

117 1670 231 1720 dam
246 1666 370 1730 Juris
385 1665 609 1716 islandici
622 1663 923 1716 lineamenta
938 1663 1335 1733 praedie’tiufflioa

117 1737 159 1789 ti
177 1734 381 1787 consilio
395 1733 538 1784 dueta
550 1731 658 1784 sunt
669 1765 684 1789 ‚
701 1731 950 1786 succeffive
966 1749 1089 1784 vero
1110 1734 1332 1801 quaedam

119 1804 298 1859 addita,
317 1803 592 1866 immutata,
603 1798 886 1858 reformata.
954 1799 1193 1853 Recenset
1207 1801 1332 1870 post·

120 1874 222 1926 haec
243 1870 397 1922 &alia
411 1872 713 1938 Arngrimus
726 1868 760 1927 1.
771 1885 811 1921 c.
850 1870 1252 1938 Nomophylaces
1275 1886 1331 1920 οὁ

119 1954 264 1992 mnes
274 1971 290 1999 ‚
303 1938 385 2006 qui
397 1937 459 1989 ab
469 1941 532 1995 Α.
545 1952 663 2006 930.
680 1951 832 2005 usque
843 1937 903 1988 ad
918 1941 975 1987 A.
989 1953 1036 1987 12
1046 1939 1118 1988 62.
1131 1936 1333 1989 huicIn-

120 2008 226 2060 {ulae
248 2003 559 2074 praefuerunt.
641 2006 900 2073 Tempore
924 2019 1046 2055 vero
1059 2011 1223 2062 Marci,
1245 2006 1333 2074 qui

124 2074 334 2128 secunda
348 2074 455 2125 vice
474 2090 611 2126 anno
633 2089 768 2139 1097.
805 2073 1160 2141 Nomophyiax
1180 2073 1334 2125 ‘adius

125 2143 222 2205 est,
234 2140 476 2196 nonnulla
497 2143 549 2194 in
569 2145 758 2211 Legum
777 2140 1214 2193 constitutionibus
1239 2144 1335 2192 im·

126 2221 312 2264 mutata
324 2209 374 2261 &
393 2209 629 2262 innovata
654 2211 776 2263 sunt.
821 2212 955 2278 Roga
963 2211 1140 2259 bantur
1156 2211 1334 2262 novel·

128 2279 186 2330 1ae
200 2282 349 2347 Leges
363 2277 525 2328 aCive
535 2278 750 2347 quodam
766 2276 1207 2329 Borealis1slandiae
1221 2314 1238 2343 ‚
1256 2279 1335 2330 cui

1 2362 6 2368 ·
107 2342 109 2345 ’
125 2356 230 2418 μιν
242 2359 436 2406 nomen
445 2357 550 2400 erat
559 2381 577 2412 ‚
587 2345 780 2400 deleeio
790 2345 850 2398 ad
867 2344 996 2398 hanc
1009 2349 1117 2398 rein
1129 2346 1336 2414 tergibu-

1260 2433 1334 2476 ro,

1114 207 1334 225 ———
1385 199 1390 212 ¹
