1390 2496
0 182 4 192 ,
438 109 563 174 -zes
597 105 620 172 (
657 119 691 154 0
731 104 753 167 )
786 106 910 169 &err
1153 102 1260 168 361

0 221 13 259 ι
47 221 271 276 stumque
289 198 565 271 ditionum,
587 218 857 273 rerumque
886 205 1014 256 adeo
1045 220 1100 256 ac
1112 204 1268 259 fortu-

0 288 17 326 n
45 280 242 338 inarum
256 275 530 326 nostrarum
541 274 770 325 omnium
786 291 844 324 ex
867 271 958 325 asse
980 273 1128 324 haeres
1145 274 1268 334 esto}

45 402 47 418 1
65 343 193 397 adeo
211 344 449 412 quidem,
469 356 523 394 ut
540 342 774 412 quamdiu
796 342 846 393 in
865 329 1272 395 descendentibus

0 415 19 450 ·”
45 411 130 464 tab
153 429 217 463 eo
237 411 454 464 masculae
481 411 633 478 stirpis
653 411 794 463 lineis
811 410 1029 478 (etiamsi
1063 408 1273 465 fortassis

0 496 9 532 ι
45 479 351 533 'humanitus
371 479 908 549 eiquidacciderit,ant
941 497 944 500 ’
975 494 1089 531 uam
1103 482 1274 550 praedi-

0 588 4 603 .
41 579 45 623 ¹·
66 548 144 600 fla
157 548 405 601 hareditas
417 551 462 602 ei
475 547 767 616 obvenerit)
783 495 1017 602 mascffius
1031 549 1278 618 superstes,

0 644 5 656 ·
68 633 235 687 neque
250 620 476 688 Princeps
488 617 811 670 GEORGIUS
823 618 988 684 ejusve
1002 617 1145 669 lineae
1159 650 1175 678 ,
1189 634 1279 671 ne-

0 716 6 731 ·
40 738 41 752 2
70 701 172 756 que
202 688 302 752 ejus
323 688 509 739 sorores
531 686 681 738 ullam
706 688 786 740 vel
811 688 1075 737 minimam
1091 687 1275 741 horum

10 787 12 790 <
40 763 41 772 ³
69 761 364 824 Regnorum
375 755 765 843 ‚Ditionumqqe
788 754 1060 819 nostrarum
1085 761 1276 824 portio-

37 857 39 896 1
71 840 191 880 nem
206 837 373 898 petere
387 823 581 899 poffint.
609 893 652 946 Χ
700 892 746 945 X

210 961 433 1016 Extinfla
465 961 670 1013 demum
717 961 861 1012 omni
895 960 1093 1013 mascula
1138 962 1281 1028 prole

75 1031 315 1098 Principis
340 1030 750 1089 CHRISTIANI,
768 1029 996 1081 secundus
1019 1029 1282 1082 Nosterfi-

33 1107 35 1136 ¹
75 1101 171 1154 lius
205 1100 434 1167 Princeps
455 1100 786 1153 GEORGIUS
818 1098 865 1149 δε
895 1098 1191 1150 descendens
1219 1099 1283 1150 ab

32 1187 33 1195 ¹
76 1185 144 1219 eo
164 1166 372 1219 mascula
398 1167 763 1234 progenie-nin
784 1166 987 1218 absoluti
1015 1169 1152 1232 hujus
1177 1170 1286 1220 No-

31 1238 33 1265 ³
77 1237 159 1293 stri
179 1234 392 1288 dominii
416 1236 616 1304 plenum
633 1235 682 1285 &
702 1235 961 1288 indivisum
974 1237 1055 1300 Jns
1077 1236 1287 1288 succedi-

29 1322 31 1360 :
80 1319 164 1366 ιο,
186 1304 343 1355 modo
356 1318 455 1372 quo
467 1317 584 1356 ante
595 1303 808 1364 dmum,
823 1303 951 1355 linea
966 1305 1286 1372 postiineam‘,

29 1385 31 1389 ’
76 1372 317 1427 'masculus
344 1370 449 1442 post
471 1372 761 1430 masculum,
787 1371 1037 1441 observata
1059 1374 1192 1425 inter
1206 1391 1289 1443 pa-

83 1457 162 1495 res
179 1441 374 1492 >eodem
401 1439 541 1494 lineae
565 1441 615 1494 &
651 1441 782 1495 sexus
805 1441 1069 1510 privilegio
1099 1475 1112 1498 ‚
1137 1444 1288 1494 aetatis

26 1534 28 1542 1
86 1509 436 1579 praerogativa,
457 1510 520 1560 ita
545 1523 600 1562 ut
626 1508 815 1578 semper
841 1512 997 1576 major
1019 1513 1179 1565 Frater
1195 1511 1288 1561 mi·

85 1593 269 1632 norem
301 1578 569 1644 praecedat,
590 1576 816 1649 quamvis
846 1578 928 1627 ille
944 1592 1059 1631 ante
1083 1578 1292 1630 devolu-

87 1661 194 1700 tum
220 1645 279 1695 ad
296 1648 486 1696 Patrem
514 1645 754 1714 sceptrum
778 1646 823 1695 &
847 1649 985 1697 Patre
1006 1646 1164 1699 adhuc
1190 1648 1290 1716 pri-

88 1729 236 1772 vato,
259 1714 337 1765 hic
363 1716 499 1764 Patre
518 1716 653 1783 Rege
664 1727 802 1765 natus
818 1714 1141 1783 fittldemque
1155 1733 1294 1784 prora

93 1783 192 1838 sus,
210 1781 242 1834 fi
263 1783 345 1850 qui
369 1783 600 1851 deinceps
627 1783 786 1835 Nobis
808 1782 911 1835 Filii
934 1781 1213 1847 nascentur,
1235 1786 1297 1837 d'e

93 1852 151 1903 iis
169 1852 345 1920 pariter
356 1850 542 1907 dietum
564 1851 926 1920 definitumque
938 1850 1058 1911 estc.

233 1988 472 2041 Siomnes
493 1989 514 2054 (
549 1989 648 2040 uod
662 1989 794 2039 Deus
806 2003 963 2042 omen
973 1993 1184 2058 avertat)
1200 1995 1306 2044 Ma-

99 2073 178 2109 res
193 2071 250 2107 ex
280 2058 492 2109 maribus
556 2056 820 2113 efecerint,
851 2071 954 2108 tum
978 2061 1123 2129 Regis
1138 2062 1304 2112 ultimi

99 2120 370 2178 Possessoris
395 2127 568 2194 Neptis
601 2141 658 2178 ex
689 2125 818 2182 filio,
842 2125 991 2194 fiquae
1026 2126 1203 2190 fuerit,
1235 2129 1307 2180 fin

101 2195 267 2246 minus
302 2194 415 2246 Filia
446 2236 458 2253 ,
500 2194 705 2244 absoluti
735 2195 874 2255 huius
904 2195 1057 2247 nostri
1090 2196 1310 2249 dominii

104 2260 252 2312 haeres
263 2262 387 2323 est0,
402 2265 565 2331 primo
580 2277 694 2314 natu
708 2264 914 2314 maxima
931 2265 975 2315 ἃ
1000 2264 1137 2331 hujus
1150 2267 1312 2325 lineae,

104 2329 282 2382 deinde
294 2344 510 2390 coeterae‚
532 2331 789 2383 observato
812 2331 1002 2402 semper
1020 2334 1152 2386 inter
1172 2349 1316 2403 pares

675 2404 715 2450 Z
750 2416 773 2461 5
1263 2403 1318 2455 in
