1390 2496
449 71 696 131 CAPUT
736 72 858 131 XII.
1160 96 1271 150 327

0 163 54 231 ff
78 189 235 242 gurae,
255 173 354 226 five
377 175 429 227 in
450 175 1013 248 Monumentiglapideis
1043 175 1142 226 five
1161 175 1268 228 scri-

0 248 24 299 in
75 244 169 312 ptis
189 242 350 294 obviae
370 243 723 311 specialitabula
734 243 953 315 expreffae
972 257 1268 307 cernuntur,

0 320 8 365 Ι
43 311 248 378 'quibus
271 312 427 380 capite
451 313 669 382 sequenti
683 315 890 373 addidit,
912 313 1082 383 figuras
1103 312 1266 365 litera·

64 394 185 430 rum
205 381 411 430 rariores
432 381 481 433 δι
503 384 664 435 minus
684 385 818 434 tritas
836 414 854 440 ,
876 397 968 433 nec
987 395 1094 433 non
1115 382 1269 444 nams'

6 456 13 464 ·
70 459 185 497 'mos
205 447 358 499 literis
380 451 579 501 Runicis
593 450 872 514 infignitos,
896 464 1016 519 quos
1035 467 1062 501 a
1078 450 1262 502 Gothis

68 514 353 582 Hispaniam
385 517 508 569 olim
543 518 926 571 inhabitantibus
957 516 1087 570 cusos
1123 515 1271 568 fuisse*

63 582 360 641 hariolatur‚
378 585 439 636 de
449 602 659 639 nurnero
670 600 833 639 tamen
848 588 1096 637 literarum
1110 586 1263 637 Runi-

29 660 238 704 '.carum
263 669 369 719 cap.
389 656 481 712 XL·
501 654 724 716 testatur,
745 657 879 723 quod
899 655 1019 706 ultra
1052 654 1263 706 sedecim.

9 728 36 739 ”
49 734 174 772 ,ηοη
194 719 508 773 fuerintolim
518 724 666 776 literae
677 764 691 783 ‚
701 723 814 775 licet
832 723 891 774 ab
903 721 1082 792 Uphila
1097 755 1112 778 ‚
1124 720 1262 773 Wal-

29 792 31 794 ’
64 788 331 839 detnato&
351 789 455 840 aliis
469 793 613 844 audiae
624 793 784 861 postea
794 791 903 848 fint.
971 790 1171 841 Curioia
1188 793 1258 840 et-

63 856 166 908 iam
189 855 294 908 sunt
316 890 331 918 ,
353 873 470 926 quae.
490 863 648 928 capite
667 862 778 916 >045
792 860 854 911 de
874 861 1133 910 inventore
1155 858 1261 908 lite-

66 939 234 975 rarum
272 928 570 978 Runicarum
615 930 874 980 traduntur
898 959 915 987 ,
955 927 1086 977 hunc
1113 927 1254 977 enim

63 1007 174 1045 non
196 992 446 1060 Ulphilam
459 1028 471 1050 ‚
495 995 782 1047 Gothorum
803 999 855 1047 in
870 992 1053 1046 Moesia
1068 993 1259 1063 Episco-

34 1100 35 1104 ,
66 1075 185 1127 pum
218 1063 395 1128 (quem
426 1062 674 1131 scriptores
696 1063 799 1116 fere
826 1064 964 1127 hujus
981 1063 1175 1130 generis
1202 1078 1256 1112 o-

63 1144 208 1180 mnes
221 1129 536 1182 inventorem
551 1131 797 1183 literarum
814 1132 1111 1183 Runicarum
1123 1127 1259 1183 fuiffe

2 1207 7 1216 ·
63 1196 366 1263 perhibent)
389 1213 481 1248 nec
502 1201 786 1252 Gor-danem
817 1204 926 1267 (cui
945 1199 1255 1250 Trithemius

0 1289 5 1322 e
62 1264 152 1318 lib.
183 1269 233 1320 6.
254 1265 540 1334 Polygraph.
570 1269 915 1320 inventionem
941 1267 1138 1331 tribuit)
1161 1281 1257 1317 nec

46 1333 366 1397 ‘Jornandem
380 1366 393 1390 ,
407 1349 500 1386 nec
513 1334 757 1387 'Adamum
773 1334 1123 1402 protoplastum
1138 1367 1152 1394 ,
1164 1349 1258 1385 nec

18 1412 21 1415 ·
64 1399 291 1451 Odinum
315 1401 639 1455 Runhofdum
655 1441 671 1470 ,
691 1405 766 1455 sed
785 1406 1030 1475 quendam
1045 1404 1254 1453 nomine

64 1467 258 1520 rimbul
286 1469 389 1519 aliis
414 1472 683 1539 Fimbultyr
698 1472 793 1523 five
812 1472 1163 1523 Fimbulthulur
1183 1469 1256 1519 di-

64 1535 227 1595 stum,
243 1531 380 1587 fuisse
396 1555 479 1597 ‚ex
491 1541 702 1607 antiquis
713 1542 1022 1592 documentis
1034 1538 1254 1589 affirmat.

19 1631 34 1671 ’ζ
59 1605 243 1685 Neque
262 1603 561 1673 negligenda
585 1607 691 1659 sunt
705 1648 718 1666 ,
735 1623 839 1676 quae
849 1610 1003 1676 capite
1013 1605 1251 1659 xx111.de

30 1723 38 1738 ,
60 1671 426 1724 abbreviaturis·
445 1674 689 1727 literarum
710 1678 1004 1728 Runicarum
1043 1690 1258 1726 monen-

0 1766 33 1797 μ,
61 1752 167 1795 tur,
186 1754 304 1807 quas
327 1757 431 1792 non
446 1743 550 1794 vult
564 1761 587 1791 a
603 1744 796 1796 vetustis
818 1745 992 1795 Gothis
1011 1743 1252 1807 adhibitas

0 1837 34 1867 a:
62 1805 159 1859 effe
185 1807 253 1858 ob
274 1809 620 1876 Ταχυγρριφΐοις
637 1811 847 1871 causam,
866 1813 988 1863 olim
1010 1812 1141 1862 enirn
1159 1826 1251 1862 nec

0 1904 19 1924 ,-
61 1876 235 1927 chartae
255 1893 345 1926 nec
367 1894 487 1929 cerae
507 1881 607 1931 usus
635 1880 924 1940 invaluerat,
949 1879 1023 1930 sed
1045 1880 1156 1948 quia
1175 1879 1252 1928 in-

5 1968 11 1974 ·
60 1944 254 1996 tei-dum
266 1948 475 1998 cautium
490 1965 543 1998 ac
563 1949 839 2016 lignorum,
862 1946 1255 2016 quibusinsculpi,

44 2027 47 2031 ’
61 2011 310 2063 debebant
323 2016 475 2067 Runae
485 2048 500 2072 ‚
511 2016 753 2067 contrac'ta
766 2017 911 2068 nimis
929 2017 1156 2085 capacitas
1169 2031 1257 2063 oc<

61 2081 312 2141 currebat,
337 2084 569 2136 utdud‘cus
591 2101 766 2135 omnes
790 2083 888 2137 fine
903 2082 1251 2136 confusione&

61 2146 371 2201 distrastione
382 2168 553 2221 capere
576 2170 680 2204 non
693 2155 922 2220 potuerit.
990 2156 1249 2204 Coeterum

63 2213 192 2291 lib-er
215 2218 292 2268 hic
312 2219 495 2270 summa
522 2222 773 2290 diligentia
803 2211 850 2274 ὃς
878 2221 1100 2286 α’κθβέιω
1129 2234 1251 2267 con-

63 2279 254 2354 scriptus
276 2286 367 2350 est,
388 2303 685 2360 quapropter
712 2290 838 2356 justis
865 2295 1010 2343 etiam
1033 2285 1252 2341 laudibus

628 2361 671 2409 X
703 2374 737 2421 4
1106 2372 1252 2408 orna-

0 2483 121 2496 ξ
