1384 2470
134 107 207 159 90
564 100 815 156 CAPUT
871 104 910 158 Ι.

130 206 220 255 diae
239 206 368 255 cives
390 205 644 255 colonicos
668 237 683 264 ‚
713 205 934 273 ipsosque
954 222 1012 256 ex
1036 220 1172 272 parte
1192 195 1315 256 lsffih

129 273 220 323 dos
235 275 358 323 circa
379 275 438 323 A.
466 273 526 333 C,
554 287 694 325 1020.
716 289 822 325 non
845 274 999 324 modo
1019 274 1243 333 detectae,
1267 289 1317 322 ra
1378 270 1384 279 ¹

164 343 251 391 tim
275 341 422 392 etiarn
444 338 617 392 inseffae
645 374 660 400 ‚
709 341 785 392 sed
813 342 859 392 &
880 343 972 394 late
987 343 1191 393 tandem
1212 342 1341 391 cele-

128 358 278 459 {ratae
299 408 569 460 Vinlandiae
589 409 639 459 &
665 426 749 476 per
774 410 984 461 vicinam
1008 411 1054 460 ei
1077 411 1337 461 Albaniam

130 476 206 528 seu
228 493 457 544 magnam
484 478 770 528 Irrlandiam
795 478 1059 529 decantatae
1085 478 1343 546 religionis

123 546 409 598 Christianae
429 548 571 597 decus
592 545 638 595 δι
661 546 854 596 laudem
893 547 1229 597 immortalem
1253 545 1341 594 fibi
1381 577 1384 589 1

126 611 374 683 peperisse.
452 614 576 663 Vide
599 613 775 680 praefat.
800 614 1075 664 Vinlandiae
1097 615 1309 681 antiquat

261 689 305 743 §.
326 684 470 732 XXII.
491 683 646 732 ‘Vivit
671 682 967 732 dodliffimus
991 684 1148 732 Senex
1178 682 1340 732 noster

125 749 483 816 Stangelandiae
516 751 565 800 in
598 749 1234 817 distridlusStafangrienfis
1257 753 1341 800 In-

128 820 222 871 sula
242 821 434 868 Karmta
448 817 558 877 ,ubi
573 817 935 885 Augustisfimus
957 818 1127 868 Daniae
1138 822 1343 868 Monar-

126 887 242 947 cha,
269 887 389 936 dum
412 887 670 952 praecipuas
694 886 855 952 Regni
877 887 1158 953 Norwegiae
1184 889 1354 951 partes'

127 954 350 1008 lustraret
376 954 437 1005 A.
460 968 590 1016 1704.
613 955 664 1003 in
688 953 886 1005 transitu
919 954 1122 1006 ηοᾶεῐῐι
1145 954 1204 1003 ad
1223 970 1341 1004 eum

58 1035 63 1043 ‘
129 1025 376 1073 divertere
398 1037 503 1071 non
527 1021 814 1088 dedignatus
835 1021 927 1076 est,
977 1023 1025 1072 &
1043 1021 1237 1083 villam,
1288 1021 1339 1071 in

129 1108 224 1158 qua
244 1090 380 1158 degit
399 1089 562 1139 noster
583 1123 598 1145 ‚
635 1092 824 1158 requiei
850 1090 934 1140 suae
957 1089 1157 1156 delegit.
1232 1090 1343 1143 Vid.

131 1158 313 1229 praelat.
338 1157 654 1208 Gronlandiae
673 1175 720 1225 p.
743 1175 791 1219 9.
815 1173 918 1225 quo
938 1171 1165 1225 tempore
1191 1158 1343 1207 etiam
1368 1176 1374 1186 ⁴

128 1229 191 1278 de
201 1224 398 1293 antiqua
411 1225 715 1275 Gronlandia
728 1225 1076 1293 investiganda,
1091 1241 1343 1274 commer-

129 1297 314 1362 ciisque
351 1295 401 1343 in
436 1291 561 1342 freto
581 1291 779 1343 Davisio
797 1292 1102 1344 instituendis
1127 1292 1345 1358 quaestio-

129 1379 249 1415 nem
265 1359 594 1412 Illustrislimus
618 1362 880 1413 fridericus
904 1359 1345 1419 Gabel,Confilia-

131 1433 232 1482 rius
254 1431 453 1481 intimus
464 1429 509 1478 &
520 1431 641 1480 Vice
669 1431 865 1479 ProRex
879 1430 1158 1495 Norwegiae
1173 1428 1347 1478 austo-

131 1503 173 1550 ri
196 1497 363 1549 nostro
386 1498 568 1556 movit,
582 1513 793 1564 eumque
808 1498 1066 1546 meliorem
1080 1531 1096 1560 ,
1110 1496 1345 1547 haetenus

128 1565 301 1618 usitata
326 1598 337 1617 ‚
368 1567 497 1614 viam
533 1567 590 1615 ad
625 1566 707 1614 has
739 1579 887 1614 terras
911 1563 1184 1614 monstrare
1199 1565 1338 1627 juffit,

129 1650 279 1703 ,quam
300 1633 383 1682 ille
405 1631 628 1699 peculiari
649 1633 876 1700 Epistola,
893 1631 1164 1701 praefationi
1184 1635 1348 1683 Gron-

130 1702 302 1754 landiae
322 1700 425 1767 post
443 1701 614 1750 inserta
626 1734 638 1756 ‚
655 1700 924 1769 proposuit.

268 1772 327 1819 In
353 1769 442 1817 hac
463 1768 635 1825 eadem
658 1768 850 1818 dioecesi
883 1766 1346 1837 Stafangrienfi'no·

130 1837 230 1888 ster
253 1836 504 1904 quondam
527 1836 772 1888 redituum
788 1837 1054 1905 Regiorum
1064 1849 1258 1887 curator
1270 1837 1346 1888 seu

131 1908 447 1957 Camerarius
466 1903 748 1956 constitutus
768 1902 884 1964 fuit,
898 1916 953 1955 ut
966 1902 1062 1973 ipse
1082 1903 1278 1955 testatur
1293 1905 1347 1955 in

132 1973 254 2026 serie
286 1971 609 2039 Dynastarum
645 1988 755 2040 pag.
784 1975 852 2034 36.
920 1971 1153 2023 Hafniam
1187 1972 1347 2041 saepius

128 2042 188 2092 ’δε
205 2037 404 2095 ultima,
415 2038 466 2090 ni
490 2036 702 2098 fallimur
714 2074 730 2103 ‚
743 2039 849 2089 vice
859 2041 1014 2090 Anno
1043 2055 1066 2090 ι
1076 2050 1198 2104 708.
1209 2056 1350 2091 com-

133 2106 388 2176 migravit.
453 2107 632 2157 Exactis
664 2119 742 2157 tot
779 2107 970 2175 ingenii
1003 2108 1348 2159 monumentis

135 2192 231 2228 aere
258 2174 632 2242 perennior-ibus
660 2175 782 2226 vivit
811 2177 910 2240 jam
935 2175 989 2226 in
1009 2174 1135 2225 dieta
1155 2175 1270 2226 villa
1291 2193 1348 2226 o-

138 2243 448 2312 erogentur-ius
472 2241 615 2303 licet,
642 2241 745 2293 satis
765 2253 961 2303 tamen,
986 2254 1041 2295 ut
1059 2245 1348 2313 accepimus,

138 2324 341 2382 vegetus
364 2308 413 2362 &
437 2309 568 2364 bona
583 2322 726 2363 utens
744 2309 1117 2372 valetudine‚ut
1139 2313 1349 2430 qugante

139 2397 142 2401 ·
266 2411 268 2418 x
1238 2395 1348 2432 mos
