1390 2496
161 109 272 182 εἷς
586 112 835 171 CAPUT
889 110 962 172 V.

148 222 386 275 formavit
414 258 428 277 ,
471 234 563 286 qua
600 231 766 288 ropter
789 219 975 271 hicum
1008 222 1278 288 Principem
1299 215 1365 271 δέ

148 302 293 357 caput
312 287 453 339 [uum.
465 301 562 338 con
606 288 808 346 itutum,
822 286 927 356 post
945 301 1161 339 mortem
1174 289 1366 339 divino*

148 359 282 410 cultu
316 353 553 424 prosecuti
581 353 701 411 sunt,
769 355 921 422 Quod
941 372 1063 407 vero
1083 357 1144 406 ab
1162 357 1258 407 hoc
1278 356 1353 404 O-

147 427 270 478 dino
290 423 508 475 ordiatur
522 424 710 474 Snorro
721 455 735 483 ‚
747 440 838 491 pro
848 439 991 475 more
1009 423 1150 477 seculi
1169 422 1353 474 fadium

146 505 284 562 putat
307 491 648 542 celeberr-imus
667 490 829 542 editor
850 523 866 551 ‚
894 506 997 560 quo
1011 507 1144 560 aque
1163 490 1372 560 glorio-v

151 562 255 613 sum
274 558 562 610 credebatur
578 559 639 610 ab
658 559 754 610 hoc
776 560 893 610 oriri
917 559 1114 611 auctore
1142 590 1157 619 ‚
1185 576 1238 610 ac
1267 557 1351 608 alii

150 627 318 700 populi
338 643 365 677 a
386 626 613 692 Troianis
635 641 789 695 genus
807 626 938 679 suurn
960 627 1199 678 deducere
1218 642 1352 677 ama-

150 709 279 749 runt.
348 696 471 762 Qae
499 708 727 760 praeterea
756 695 818 746 de
853 694 1174 746 vetustissimis
1207 693 1351 745 rebus

149 766 383 816 dicuntur
402 761 704 812 incredibilia
716 795 729 818 ,
741 778 846 813 non
870 763 1127 815 secundum
1139 787 1147 793 «
1158 763 1352 814 literam

148 849 208 884 ex
231 829 536 900 poematibus
559 830 875 898 hyperbolice
893 831 1076 882 ornatis
1093 830 1142 880 &
1162 831 1350 897 allego-

147 901 231 952 riis
250 898 536 949 scatentibus
555 896 758 948 sumtam
772 931 786 958 ,
800 898 878 949 sed
897 897 1156 950 secundum
1179 898 1357 966 genui⁴

149 983 275 1020 num
302 969 400 1031 ejus
425 964 607 1016 sensum
625 966 776 1032 accipi
794 966 973 1017 debere
994 978 1171 1017 monet
1201 968 1352 1016 Wor-

148 1035 369 1099 mius;ita
392 1048 437 1089 e.
456 1049 502 1099 g.
526 1033 804 1101 hujusmodi
822 1035 1039 1085 carmina
1067 1034 1281 1084 strenuos
1300 1033 1351 1084 δε

144 1104 304 1155 claros
334 1102 522 1163 Heroes
554 1132 570 1159 ‚
616 1102 822 1168 patriam
848 1100 1039 1153 fortiter
1055 1115 1223 1154 contra
1244 1102 1349 1152 vim

149 1170 363 1223 hostium
391 1165 706 1220 defendentes
740 1166 941 1236 ,ςῗὰηῳευ
968 1173 999 1220 ι’.
1036 1185 1078 1221 e.
1114 1170 1350 1237 Gigantes

147 1241 341 1299 dicere,
352 1237 502 1290 veluti
526 1237 737 1288 Rotnani
758 1237 860 1288 suos
871 1240 1058 1288 Heroes
1082 1237 1349 1305 Tyrannus

150 1308 203 1359 &
223 1317 470 1376 potentes,
501 1305 585 1372 qui
602 1305 759 1357 aliena
779 1304 1101 1372 spoliabantur
1119 1338 1133 1360 ‚
1166 1321 1259 1355 nec
1279 1307 1350 1369 jus

150 1393 245 1428 nec
265 1390 452 1441 aequum
478 1372 731 1430 curabant,
744 1373 1122 1442 sanguinemque
1141 1371 1350 1423 fundere

149 1445 294 1498 unice
315 1441 564 1494 studebant
584 1474 600 1502 ,
645 1438 938 1498 (Ξτοῐῦεηᾶηῠ
958 1442 989 1492 i.
1010 1457 1050 1490 e.
1075 1444 1249 1507 Magos
1266 1456 1351 1507 ap-

152 1512 335 1580 pellare
347 1524 577 1576 ‚cumque
599 1509 648 1559 hi
669 1511 719 1560 in
745 1510 942 1561 munitis
962 1510 1081 1559 locis
1094 1525 1146 1557 ac
1159 1507 1349 1558 arcibus

152 1579 564 1636 habitarent‚inde
575 1580 747 1644 Magos
771 1590 1036 1630 montanos
1059 1575 1345 1641 (ffiietgitotae

143 1644 812 1713 ben)vocare‚urfisque.1upis
823 1644 1184 1695 &Draconibus
1197 1644 1263 1693 ob
1277 1656 1349 1709 ty-

153 1715 411 1767 rannidem
439 1729 732 1781 comparare.
804 1715 941 1763 Hilce
977 1712 1175 1778 aliisque
1204 1711 1351 1760 innu-

154 1783 304 1835 meris
327 1781 484 1831 modis
496 1794 679 1831 veteres
711 1780 902 1831 Scaldos
931 1780 1091 1846 scripta
1119 1778 1191 1830 sua
1210 1794 1350 1828 exor-

150 1862 331 1902 narunt
352 1885 368 1912 ,
395 1865 497 1916 quae
518 1850 570 1898 in
587 1849 676 1898 hac
694 1848 882 1898 historia
905 1849 963 1898 ad
984 1846 1175 1899 Haraldi
1196 1860 1348 1911 usque

110 1968 121 1977 x
151 1920 305 1970 vitam
330 1917 457 1967 bene
487 1915 787 1966 observanda
811 1914 904 1966 effe
925 1928 1097 1965 monet
1125 1913 1349 1964 Wormi-

150 2000 220 2040 us.
288 1983 572 2035 Observavit
590 1984 886 2050 caeteroquin
904 1982 1067 2033 audior
1081 1984 1266 2032 Snorro
1278 1981 1350 2029 lo-

153 2062 231 2113 ca,
241 2051 327 2103 ubi
348 2051 588 2118 Principes
601 2051 647 2101 &
662 2054 817 2117 Reges
831 2052 1078 2107 vixerunt,
1088 2050 1169 2099 ubi
1184 2048 1351 2116 sepulti

148 2121 283 2180 sunt,
296 2138 322 2171 a
339 2119 511 2187 quibus
529 2120 681 2169 multa
703 2119 808 2168 loca
826 2134 1015 2169 nornen
1028 2150 1041 2174 ‚
1058 2117 1188 2183 quod
1209 2115 1352 2168 hodi-

149 2203 277 2256 eque
315 2186 504 2238 servant
530 2222 548 2251 ‚
590 2201 701 2236 acce
738 2200 893 2236 erunt.
981 2184 1177 2236 Diversa
1212 2184 1350 2247 hujus

152 2255 393 2307 Chronici
415 2253 634 2322 exempla
660 2255 701 2302 C
724 2255 919 2307 ‚Zeditor
941 2253 1154 2303 contulit
1184 2287 1200 2316 ‚
1248 2264 1351 2300 tam

147 2323 386 2381 Blandica
432 2337 580 2392 qua-m
632 2321 818 2378 Danica
855 2322 1023 2393 lingua
1058 2319 1353 2439 constrigit?

1326 2402 1353 2438 a
