1390 2496
438 95 912 193 &wlff
1181 109 1287 164 349

86 220 255 274 liceatz
289 214 548 268 Haecenim
570 212 950 265 fundamentalis
972 216 1067 263 Lex
1091 212 1183 271 est,
1205 213 1289 264 ba-

0 270 25 305 ¹'
87 284 144 338 fis
166 285 308 336 firma
322 316 336 343 ,
356 285 559 334 immota
581 282 630 334 δε
650 298 678 333 a
692 280 834 334 nullo
851 295 1069 349 unquam
1092 291 1290 339 mutan·

88 355 149 406 da
161 366 243 406 aut
264 351 560 404 (olicitanda.
673 419 718 468 V

224 488 415 540 Omnia
425 484 582 539 officia
603 519 616 541 ‚
635 483 967 554 cujuscunque
987 487 1292 551 conditioni-s

0 596 6 609 .
90 557 455 611 auetoritatisve
473 554 660 607 fuerint
679 586 695 615 ,
714 554 945 606 ordinare
967 587 983 615 ,
1002 556 1260 625 disponere
1273 589 1291 618 ‚

0 660 4 686 .
90 624 497 685 mutare,tollere
516 656 533 684 ‚
556 624 689 676 hunc
710 623 914 675 illumve
936 625 992 673 ad
1017 640 1290 692 quemcun-

90 710 188 763 que
216 694 422 745 honoris
431 691 744 760 dignitatisve
753 691 960 760 gradum
975 693 1186 746 evehere
1197 711 1294 762 pro

0 779 4 814 :
94 763 280 822 hibita,
302 777 358 813 ac
377 759 530 813 rursus
554 760 615 811 de
651 775 807 812 onere
821 756 1049 829 rsemper
1067 763 1216 813 REGI
1239 763 1294 812 li-

46 886 48 888 ,
97 831 275 883 berum
299 829 401 882 esto
422 865 440 894 ,
471 829 606 880 mani
631 827 732 880 esto
746 827 928 881 cunstis
963 843 1260 897 argumento
1279 863 1295 886 ,

93 900 267 951 omnia
277 897 714 966 officia&quicquid
724 895 854 951 estin
867 895 1035 948 officiis
1047 896 1296 966 potestatis

94 969 143 1020 di
184 968 445 1018 nitatisvea
457 967 674 1035 {uprema
687 964 764 1015 illa
777 981 831 1017 ac
843 963 991 1017 soluta
1004 965 1193 1033 legibus
1208 983 1297 1036 po-

95 1050 145 1089 te
185 1050 261 1088 ate
284 1035 332 1086 &
352 1034 598 1099 Maiestate
620 1034 767 1103 Regis
787 1049 814 1085 a
827 1031 970 1087 fonte
989 1034 1040 1085 δι
1056 1035 1296 1105 scaturigi-

96 1121 164 1158 ne
194 1103 425 1162 derivari.
518 1107 522 1117 '

234 1244 502 1293 Armorum
519 1238 799 1307 supremum
814 1237 892 1302 Jus
904 1276 919 1303 ,
932 1238 1181 1294 indicendi
1197 1239 1300 1292 bel-

98 1311 134 1363 li
150 1343 163 1367 ‚
193 1310 457 1362 (anciendae
479 1310 608 1378 pacis
629 1339 644 1366 ‚
665 1306 1005 1359 feriendorum
1038 1308 1299 1360 solvendo‘

99 1515 280 1567 tributa
310 1555 323 1574 ,
359 1526 616 1581 oneraque
645 1509 737 1565 alia
759 1511 954 1563 subditis
974 1514 1293 1582 imponendi,

101 1583 295 1650 quoties
306 1585 370 1634 ita
389 1596 463 1633 res
478 1579 628 1650 poscit
639 1613 654 1642 ‚
666 1580 1063 1649 quandoquidem
1075 1614 1090 1637 ,
1101 1583 1168 1634 uti
1183 1598 1300 1634 cun-

44 1680 49 1687 =
102 1652 190 1703 stis
212 1663 392 1702 notum
417 1681 430 1710 ,
455 1663 548 1701 nec
574 1650 713 1717 quies
741 1649 979 1699 Gentium
1002 1647 1102 1701 fine
1123 1651 1268 1702 armis
1283 1684 1300 1710 ,

101 1736 195 1772 nec
205 1735 338 1770 arma
350 1716 450 1770 fine
462 1717 709 1784 stipendiis
725 1759 739 1780 ,
750 1733 842 1770 nec
854 1714 1090 1789 stipendia
1109 1717 1207 1771 fine
1219 1719 1305 1770 tri—

27 1804 34 1819 ’
101 1788 232 1841 butis
252 1783 644 1856 haberipoffunt.
680 1854 716 1904 V

242 1921 588 1981 Ecclefiarum,
615 1923 753 1975 Cleri
775 1926 801 1982 ‚'
832 1923 1081 1992 totiusque
1114 1923 1305 1989 ordinis

105 1990 437 2052 Ecclesiastici,
457 1992 797 2059 omniumque
822 1992 945 2043 adeo
964 2006 1072 2060 quae
1101 1992 1162 2043 ad
1182 1993 1303 2045 sacra

0 2095 1 2098 =
107 2061 343 2129 speciant,
366 2060 608 2128 supremus
627 2063 913 2110 moderator
936 2060 1180 2113 &arbiter
1203 2065 1306 2113 Rex

107 2129 236 2192 est03
272 2124 522 2192 Concilia,
548 2127 799 2195 Synodos,
823 2127 1090 2196 Colloquia
1111 2130 1173 2180 de
1195 2131 1309 2181 reli·
1366 2174 1371 2179 .

108 2196 273 2315 fionis
297 2196 536 2265 negotiis,
560 2196 802 2253 indicere,
826 2197 1094 2265 prohibere
1123 2197 1311 2268 semper

132 2265 318 2322 iceat‚&
326 2278 378 2321 ut
386 2266 550 2335 paucis
563 2264 715 2319 multa
728 2264 1124 2335 complestamun
1138 2266 1311 2319 omnia

1163 2338 1315 2404 Rega-

98 1394 278 1431 rumve
310 1376 554 1430 foederum
579 1408 595 1436 ‚
616 1375 803 1428 summa·
834 1375 1183 1446 liberrimaque
1208 1395 1297 1446 po·
1362 1417 1390 1438 ,,

99 1447 236 1498 testas
250 1462 400 1517 penes
429 1449 618 1512 Regem
638 1442 768 1504 esto,
791 1443 1048 1522 vestiga-lia
1074 1460 1294 1514 quoque,
1389 1447 1390 1450 ’
