<?xml version="1.0" encoding="UTF-8"?>
<!DOCTYPE html PUBLIC "-//W3C//DTD XHTML 1.0 Transitional//EN"
    "http://www.w3.org/TR/xhtml1/DTD/xhtml1-transitional.dtd">
<html xmlns="http://www.w3.org/1999/xhtml" xml:lang="en" lang="en">
 <head>
  <title>
</title>
<meta http-equiv="Content-Type" content="text/html;charset=utf-8" />
  <meta name='ocr-system' content='tesseract 3.04.00' />
  <meta name='ocr-capabilities' content='ocr_page ocr_carea ocr_par ocr_line ocrx_word'/>
</head>
<body>
  <div class='ocr_page' id='page_1' title='image "bibliothecahisto00sibbuoft_0078.png"; bbox 0 0 1384 2470; ppageno 0'>
   <div class='ocr_carea' id='block_1_1' title="bbox 1321 0 1384 1686">
    <p class='ocr_par' dir='ltr' id='par_1_1' title="bbox 1321 0 1384 1686">
     <span class='ocr_line' id='line_1_1' title="bbox 1349 0 1384 457; baseline 0 -116"><span class='ocrx_word' id='word_1_1' title='bbox 1349 0 1384 457; x_wconf 95' lang='lat' dir='ltr'>     </span> 
     </span>
     <span class='ocr_line' id='line_1_2' title="bbox 1321 457 1384 814; baseline 0 -213"><span class='ocrx_word' id='word_1_2' title='bbox 1321 457 1384 814; x_wconf 95' lang='lat' dir='ltr'>      </span> 
     </span>
     <span class='ocr_line' id='line_1_3' title="bbox 1344 814 1384 1016; baseline 0 0"><span class='ocrx_word' id='word_1_3' title='bbox 1344 814 1384 1016; x_wconf 95' lang='lat' dir='ltr'>    </span> 
     </span>
     <span class='ocr_line' id='line_1_4' title="bbox 1369 1016 1384 1686; baseline 0 -538"><span class='ocrx_word' id='word_1_4' title='bbox 1369 1016 1384 1686; x_wconf 95' lang='lat' dir='ltr'>  </span> 
     </span>
    </p>
   </div>
   <div class='ocr_carea' id='block_1_2' title="bbox 159 132 926 196">
    <p class='ocr_par' dir='ltr' id='par_1_2' title="bbox 159 132 926 196">
     <span class='ocr_line' id='line_1_5' title="bbox 159 132 926 196; baseline 0.009 -9"><span class='ocrx_word' id='word_1_5' title='bbox 159 132 230 188; x_wconf 85' lang='lat'>66</span> <span class='ocrx_word' id='word_1_6' title='bbox 578 134 821 192; x_wconf 81' lang='lat' dir='ltr'>CAPUT</span> <span class='ocrx_word' id='word_1_7' title='bbox 883 138 926 196; x_wconf 76' lang='grc' dir='ltr'>Ι.</span> 
     </span>
    </p>
   </div>
   <div class='ocr_carea' id='block_1_3' title="bbox 90 304 1384 2450">
    <p class='ocr_par' dir='ltr' id='par_1_3' title="bbox 90 304 1384 2450">
     <span class='ocr_line' id='line_1_6' title="bbox 163 304 1354 371; baseline -0.001 -15"><span class='ocrx_word' id='word_1_8' title='bbox 163 317 272 356; x_wconf 84' lang='lat' dir='ltr'>tum</span> <span class='ocrx_word' id='word_1_9' title='bbox 304 304 563 371; x_wconf 77' lang='lat' dir='ltr'>indagator</span> <span class='ocrx_word' id='word_1_10' title='bbox 587 306 830 353; x_wconf 66' lang='lat' dir='ltr'>ffiormodus</span> <span class='ocrx_word' id='word_1_11' title='bbox 851 306 1093 367; x_wconf 78' lang='lat' dir='ltr'>Torffaeusin</span> <span class='ocrx_word' id='word_1_12' title='bbox 1114 306 1294 371; x_wconf 79' lang='lat' dir='ltr'>praefat.</span> <span class='ocrx_word' id='word_1_13' title='bbox 1309 323 1332 355; x_wconf 85' lang='lat' dir='ltr'>a</span> <span class='ocrx_word' id='word_1_14' title='bbox 1351 308 1354 311; x_wconf 45' lang='lat'><em>⁴</em></span> 
     </span>
     <span class='ocr_line' id='line_1_7' title="bbox 162 370 1358 437; baseline 0 -15"><span class='ocrx_word' id='word_1_15' title='bbox 162 371 285 428; x_wconf 81' lang='lat' dir='ltr'>Hist.</span> <span class='ocrx_word' id='word_1_16' title='bbox 297 386 462 422; x_wconf 89' lang='lat' dir='ltr'>rerum</span> <span class='ocrx_word' id='word_1_17' title='bbox 475 370 845 427; x_wconf 80' lang='lat' dir='ltr'>Orcadenfium.</span> <span class='ocrx_word' id='word_1_18' title='bbox 914 373 1087 437; x_wconf 85' lang='lat' dir='ltr'>Neque</span> <span class='ocrx_word' id='word_1_19' title='bbox 1103 373 1358 424; x_wconf 84' lang='lat' dir='ltr'>solummo-</span> 
     </span>
     <span class='ocr_line' id='line_1_8' title="bbox 158 438 1347 494; baseline -0.001 -3"><span class='ocrx_word' id='word_1_20' title='bbox 158 439 230 491; x_wconf 72' lang='lat' dir='ltr'>do</span> <span class='ocrx_word' id='word_1_21' title='bbox 251 438 539 494; x_wconf 80' lang='lat' dir='ltr'>aestimantur</span> <span class='ocrx_word' id='word_1_22' title='bbox 560 439 737 488; x_wconf 70' lang='lat' dir='ltr'>{slandi</span> <span class='ocrx_word' id='word_1_23' title='bbox 763 439 788 488; x_wconf 75' lang='grc' dir='ltr'>ὲ</span> <span class='ocrx_word' id='word_1_24' title='bbox 809 439 1141 490; x_wconf 87' lang='lat' dir='ltr'>recentiorum</span> <span class='ocrx_word' id='word_1_25' title='bbox 1160 440 1347 491; x_wconf 68' lang='lat' dir='ltr'>doctissi</span> 
     </span>
     <span class='ocr_line' id='line_1_9' title="bbox 159 505 1344 575; baseline -0.001 -17"><span class='ocrx_word' id='word_1_26' title='bbox 159 508 273 566; x_wconf 79' lang='lat' dir='ltr'>mis,</span> <span class='ocrx_word' id='word_1_27' title='bbox 287 506 363 556; x_wconf 86' lang='lat' dir='ltr'>sed</span> <span class='ocrx_word' id='word_1_28' title='bbox 378 505 494 557; x_wconf 84' lang='lat' dir='ltr'>tales</span> <span class='ocrx_word' id='word_1_29' title='bbox 515 506 542 556; x_wconf 78' lang='grc' dir='ltr'>ὲ</span> <span class='ocrx_word' id='word_1_30' title='bbox 556 505 872 557; x_wconf 67' lang='lat' dir='ltr'>vetustissimis</span> <span class='ocrx_word' id='word_1_31' title='bbox 886 521 1051 556; x_wconf 90' lang='lat' dir='ltr'>rerum</span> <span class='ocrx_word' id='word_1_32' title='bbox 1068 508 1344 575; x_wconf 84' lang='lat' dir='ltr'>Septentrio</span> 
     </span>
     <span class='ocr_line' id='line_1_10' title="bbox 156 572 1352 633; baseline -0.002 -7"><span class='ocrx_word' id='word_1_33' title='bbox 156 576 350 626; x_wconf 74' lang='lat' dir='ltr'>naiium</span> <span class='ocrx_word' id='word_1_34' title='bbox 364 574 516 630; x_wconf 79' lang='lat' dir='ltr'>habiti</span> <span class='ocrx_word' id='word_1_35' title='bbox 530 572 648 630; x_wconf 79' lang='lat' dir='ltr'>sunt.</span> <span class='ocrx_word' id='word_1_36' title='bbox 667 575 852 623; x_wconf 80' lang='lat' dir='ltr'><strong>Primus</strong></span> <span class='ocrx_word' id='word_1_37' title='bbox 870 576 1128 623; x_wconf 65' lang='lat' dir='ltr'>vnodoricus</span> <span class='ocrx_word' id='word_1_38' title='bbox 1143 578 1317 624; x_wconf 81' lang='lat' dir='ltr'>Monach</span> <span class='ocrx_word' id='word_1_39' title='bbox 1338 624 1352 633; x_wconf 61' lang='lat'><strong><em>„</em></strong></span> 
     </span>
     <span class='ocr_line' id='line_1_11' title="bbox 159 640 1340 710; baseline 0 -18"><span class='ocrx_word' id='word_1_40' title='bbox 159 646 213 694; x_wconf 87' lang='lat' dir='ltr'>in</span> <span class='ocrx_word' id='word_1_41' title='bbox 244 640 457 709; x_wconf 87' lang='lat' dir='ltr'>prologo</span> <span class='ocrx_word' id='word_1_42' title='bbox 475 640 690 692; x_wconf 78' lang='lat' dir='ltr'>Historiae</span> <span class='ocrx_word' id='word_1_43' title='bbox 711 641 1012 708; x_wconf 86' lang='lat' dir='ltr'>Norwegicae</span> <span class='ocrx_word' id='word_1_44' title='bbox 1028 658 1136 710; x_wconf 84' lang='lat' dir='ltr'>pag.</span> <span class='ocrx_word' id='word_1_45' title='bbox 1158 659 1200 694; x_wconf 88' lang='lat'>1.</span> <span class='ocrx_word' id='word_1_46' title='bbox 1220 643 1340 693; x_wconf 89' lang='lat' dir='ltr'>Anti</span> 
     </span>
     <span class='ocr_line' id='line_1_12' title="bbox 157 709 1358 779; baseline -0.002 -16"><span class='ocrx_word' id='word_1_47' title='bbox 157 713 374 779; x_wconf 88' lang='lat' dir='ltr'>quitates</span> <span class='ocrx_word' id='word_1_48' title='bbox 391 741 405 768; x_wconf 89' lang='lat'>,</span> <span class='ocrx_word' id='word_1_49' title='bbox 423 709 515 769; x_wconf 85' lang='lat' dir='ltr'>ait,</span> <span class='ocrx_word' id='word_1_50' title='bbox 548 711 738 776; x_wconf 87' lang='lat' dir='ltr'>Regum</span> <span class='ocrx_word' id='word_1_51' title='bbox 766 709 1041 777; x_wconf 85' lang='lat' dir='ltr'>Norwegiae</span> <span class='ocrx_word' id='word_1_52' title='bbox 1068 710 1291 778; x_wconf 85' lang='lat' dir='ltr'>sagaciter</span> <span class='ocrx_word' id='word_1_53' title='bbox 1320 710 1346 760; x_wconf 95' lang='lat' dir='ltr'>s</span> <span class='ocrx_word' id='word_1_54' title='bbox 1353 716 1358 722; x_wconf 86' lang='lat'>&#39;</span> 
     </span>
     <span class='ocr_line' id='line_1_13' title="bbox 158 772 1339 847; baseline 0 -19"><span class='ocrx_word' id='word_1_55' title='bbox 158 772 503 847; x_wconf 76' lang='lat' dir='ltr'>perquisivisse,</span> <span class='ocrx_word' id='word_1_56' title='bbox 527 777 588 826; x_wconf 88' lang='lat' dir='ltr'>ab</span> <span class='ocrx_word' id='word_1_57' title='bbox 612 779 697 836; x_wconf 75' lang='grc' dir='ltr'>εἰς,</span> <span class='ocrx_word' id='word_1_58' title='bbox 728 792 876 845; x_wconf 83' lang='lat' dir='ltr'>penes</span> <span class='ocrx_word' id='word_1_59' title='bbox 905 793 1027 843; x_wconf 84' lang='lat' dir='ltr'>qvos</span> <span class='ocrx_word' id='word_1_60' title='bbox 1052 777 1237 828; x_wconf 88' lang='lat' dir='ltr'>horum</span> <span class='ocrx_word' id='word_1_61' title='bbox 1257 793 1339 828; x_wconf 86' lang='lat' dir='ltr'>me</span> 
     </span>
     <span class='ocr_line' id='line_1_14' title="bbox 160 845 1340 912; baseline 0 -16"><span class='ocrx_word' id='word_1_62' title='bbox 160 846 323 896; x_wconf 83' lang='lat' dir='ltr'>moria</span> <span class='ocrx_word' id='word_1_63' title='bbox 358 845 592 912; x_wconf 75' lang='lat' dir='ltr'>praecipue</span> <span class='ocrx_word' id='word_1_64' title='bbox 627 848 795 911; x_wconf 88' lang='lat' dir='ltr'>vigere</span> <span class='ocrx_word' id='word_1_65' title='bbox 818 847 1051 900; x_wconf 87' lang='lat' dir='ltr'>creditur,</span> <span class='ocrx_word' id='word_1_66' title='bbox 1073 861 1194 912; x_wconf 85' lang='lat' dir='ltr'>qvos</span> <span class='ocrx_word' id='word_1_67' title='bbox 1214 846 1340 896; x_wconf 78' lang='lat' dir='ltr'>Islen</span> 
     </span>
     <span class='ocr_line' id='line_1_15' title="bbox 156 911 1364 981; baseline -0.001 -18"><span class='ocrx_word' id='word_1_68' title='bbox 156 912 338 981; x_wconf 86' lang='lat' dir='ltr'>dingos</span> <span class='ocrx_word' id='word_1_69' title='bbox 358 926 554 971; x_wconf 84' lang='lat' dir='ltr'>vocant,</span> <span class='ocrx_word' id='word_1_70' title='bbox 565 913 648 979; x_wconf 91' lang='lat' dir='ltr'>qui</span> <span class='ocrx_word' id='word_1_71' title='bbox 663 912 760 962; x_wconf 83' lang='lat' dir='ltr'>haec</span> <span class='ocrx_word' id='word_1_72' title='bbox 783 914 835 962; x_wconf 86' lang='lat' dir='ltr'>in</span> <span class='ocrx_word' id='word_1_73' title='bbox 848 911 933 964; x_wconf 84' lang='lat' dir='ltr'>suis</span> <span class='ocrx_word' id='word_1_74' title='bbox 954 913 1167 980; x_wconf 85' lang='lat' dir='ltr'>antiqvis</span> <span class='ocrx_word' id='word_1_75' title='bbox 1187 913 1364 963; x_wconf 87' lang='lat' dir='ltr'>carmi-</span> 
     </span>
     <span class='ocr_line' id='line_1_16' title="bbox 155 979 1371 1048; baseline 0 -17"><span class='ocrx_word' id='word_1_76' title='bbox 155 980 657 1046; x_wconf 66' lang='lat' dir='ltr'>nibus-‚percelebrata</span> <span class='ocrx_word' id='word_1_77' title='bbox 690 979 939 1042; x_wconf 82' lang='lat' dir='ltr'>recolunt3</span> <span class='ocrx_word' id='word_1_78' title='bbox 970 980 1018 1030; x_wconf 74' lang='grc' dir='ltr'>δε</span> <span class='ocrx_word' id='word_1_79' title='bbox 1043 993 1148 1048; x_wconf 78' lang='lat' dir='ltr'>cap.</span> <span class='ocrx_word' id='word_1_80' title='bbox 1170 984 1204 1030; x_wconf 90' lang='grc' dir='ltr'>Ι.</span> <span class='ocrx_word' id='word_1_81' title='bbox 1220 979 1371 1047; x_wconf 56' lang='lat' dir='ltr'>ipsius</span> 
     </span>
     <span class='ocr_line' id='line_1_17' title="bbox 90 1046 1371 1115; baseline -0.002 -15"><span class='ocrx_word' id='word_1_82' title='bbox 90 1104 92 1107; x_wconf 19' lang='lat' dir='ltr'><strong>f</strong></span> <span class='ocrx_word' id='word_1_83' title='bbox 157 1047 398 1106; x_wconf 74' lang='lat' dir='ltr'>Historiae,</span> <span class='ocrx_word' id='word_1_84' title='bbox 416 1046 636 1098; x_wconf 84' lang='lat' dir='ltr'>constare</span> <span class='ocrx_word' id='word_1_85' title='bbox 657 1046 832 1099; x_wconf 86' lang='lat' dir='ltr'>fatetur</span> <span class='ocrx_word' id='word_1_86' title='bbox 847 1047 1154 1114; x_wconf 86' lang='lat' dir='ltr'>Islendingos</span> <span class='ocrx_word' id='word_1_87' title='bbox 1175 1046 1272 1098; x_wconf 88' lang='lat' dir='ltr'>sine</span> <span class='ocrx_word' id='word_1_88' title='bbox 1289 1047 1371 1115; x_wconf 79' lang='lat' dir='ltr'>ul-&#39;j</span> 
     </span>
     <span class='ocr_line' id='line_1_18' title="bbox 153 1114 1365 1182; baseline -0.002 -16"><span class='ocrx_word' id='word_1_89' title='bbox 153 1115 201 1166; x_wconf 82' lang='lat' dir='ltr'>la</span> <span class='ocrx_word' id='word_1_90' title='bbox 235 1114 544 1167; x_wconf 85' lang='lat' dir='ltr'>dubitatione</span> <span class='ocrx_word' id='word_1_91' title='bbox 582 1130 676 1181; x_wconf 84' lang='lat' dir='ltr'>prae</span> <span class='ocrx_word' id='word_1_92' title='bbox 706 1116 940 1166; x_wconf 90' lang='lat' dir='ltr'>omnibus</span> <span class='ocrx_word' id='word_1_93' title='bbox 977 1116 1365 1182; x_wconf 82' lang='lat' dir='ltr'>Aquilonatibus</span> 
     </span>
     <span class='ocr_line' id='line_1_19' title="bbox 153 1181 1363 1252; baseline -0.002 -18"><span class='ocrx_word' id='word_1_94' title='bbox 153 1183 347 1252; x_wconf 85' lang='lat' dir='ltr'>populis</span> <span class='ocrx_word' id='word_1_95' title='bbox 379 1183 430 1232; x_wconf 88' lang='lat' dir='ltr'>in</span> <span class='ocrx_word' id='word_1_96' title='bbox 455 1182 730 1247; x_wconf 86' lang='lat' dir='ltr'>hujusmodi</span> <span class='ocrx_word' id='word_1_97' title='bbox 758 1181 982 1247; x_wconf 89' lang='lat' dir='ltr'>(historia</span> <span class='ocrx_word' id='word_1_98' title='bbox 1001 1183 1363 1234; x_wconf 84' lang='lat' dir='ltr'>&amp;Chronolo-</span> 
     </span>
     <span class='ocr_line' id='line_1_20' title="bbox 151 1250 1373 1319; baseline -0.001 -19"><span class='ocrx_word' id='word_1_99' title='bbox 151 1253 269 1318; x_wconf 81' lang='lat' dir='ltr'>gia)</span> <span class='ocrx_word' id='word_1_100' title='bbox 292 1250 479 1316; x_wconf 85' lang='lat' dir='ltr'>semper</span> <span class='ocrx_word' id='word_1_101' title='bbox 510 1251 558 1301; x_wconf 87' lang='lat'>&amp;</span> <span class='ocrx_word' id='word_1_102' title='bbox 584 1251 838 1319; x_wconf 87' lang='lat' dir='ltr'>peritiores</span> <span class='ocrx_word' id='word_1_103' title='bbox 869 1250 918 1299; x_wconf 88' lang='lat'>&amp;</span> <span class='ocrx_word' id='word_1_104' title='bbox 935 1250 1218 1300; x_wconf 86' lang='lat' dir='ltr'>curiosiores</span> <span class='ocrx_word' id='word_1_105' title='bbox 1237 1250 1373 1313; x_wconf 48' lang='lat' dir='ltr'>extiq‘</span> 
     </span>
     <span class='ocr_line' id='line_1_21' title="bbox 151 1315 1359 1385; baseline -0.001 -16"><span class='ocrx_word' id='word_1_106' title='bbox 151 1315 274 1374; x_wconf 73' lang='lat' dir='ltr'>usse.</span> <span class='ocrx_word' id='word_1_107' title='bbox 377 1317 571 1369; x_wconf 86' lang='lat' dir='ltr'>Deinde</span> <span class='ocrx_word' id='word_1_108' title='bbox 601 1326 733 1366; x_wconf 79' lang='lat' dir='ltr'>sueno</span> <span class='ocrx_word' id='word_1_109' title='bbox 758 1324 940 1382; x_wconf 77' lang='lat' dir='ltr'>Aggonis</span> <span class='ocrx_word' id='word_1_110' title='bbox 955 1318 1154 1385; x_wconf 77' lang='lat' dir='ltr'>eosdem</span> <span class='ocrx_word' id='word_1_111' title='bbox 1175 1318 1359 1385; x_wconf 78' lang='lat' dir='ltr'>potisfi·</span> 
     </span>
     <span class='ocr_line' id='line_1_22' title="bbox 149 1384 1358 1443; baseline -0.002 -6"><span class='ocrx_word' id='word_1_112' title='bbox 149 1387 296 1437; x_wconf 80' lang='lat' dir='ltr'>mum</span> <span class='ocrx_word' id='word_1_113' title='bbox 320 1385 377 1438; x_wconf 90' lang='lat' dir='ltr'>in</span> <span class='ocrx_word' id='word_1_114' title='bbox 397 1384 740 1436; x_wconf 85' lang='lat' dir='ltr'>concinnanda</span> <span class='ocrx_word' id='word_1_115' title='bbox 763 1384 835 1436; x_wconf 86' lang='lat' dir='ltr'>sua</span> <span class='ocrx_word' id='word_1_116' title='bbox 857 1384 1054 1435; x_wconf 84' lang='lat' dir='ltr'>historia</span> <span class='ocrx_word' id='word_1_117' title='bbox 1077 1384 1257 1437; x_wconf 88' lang='lat' dir='ltr'>secutus</span> <span class='ocrx_word' id='word_1_118' title='bbox 1274 1384 1358 1443; x_wconf 85' lang='lat' dir='ltr'>est,</span> 
     </span>
     <span class='ocr_line' id='line_1_23' title="bbox 148 1449 1356 1522; baseline -0.002 -16"><span class='ocrx_word' id='word_1_119' title='bbox 148 1454 220 1506; x_wconf 87' lang='lat' dir='ltr'>uti</span> <span class='ocrx_word' id='word_1_120' title='bbox 242 1453 295 1503; x_wconf 86' lang='lat' dir='ltr'>in</span> <span class='ocrx_word' id='word_1_121' title='bbox 314 1453 458 1504; x_wconf 85' lang='lat' dir='ltr'>initio</span> <span class='ocrx_word' id='word_1_122' title='bbox 478 1451 690 1521; x_wconf 83' lang='lat' dir='ltr'>opusculi</span> <span class='ocrx_word' id='word_1_123' title='bbox 714 1469 819 1521; x_wconf 87' lang='lat' dir='ltr'>pag.</span> <span class='ocrx_word' id='word_1_124' title='bbox 840 1465 887 1517; x_wconf 88' lang='lat'>7.</span> <span class='ocrx_word' id='word_1_125' title='bbox 901 1460 942 1510; x_wconf 84' lang='lat'>8.</span> <span class='ocrx_word' id='word_1_126' title='bbox 965 1449 1060 1522; x_wconf 90' lang='lat' dir='ltr'>ipse</span> <span class='ocrx_word' id='word_1_127' title='bbox 1082 1465 1281 1509; x_wconf 90' lang='lat' dir='ltr'>monet,</span> <span class='ocrx_word' id='word_1_128' title='bbox 1305 1453 1356 1503; x_wconf 89' lang='lat'>&amp;</span> 
     </span>
     <span class='ocr_line' id='line_1_24' title="bbox 148 1519 1354 1588; baseline -0.002 -15"><span class='ocrx_word' id='word_1_129' title='bbox 148 1522 210 1573; x_wconf 85' lang='lat' dir='ltr'>ad</span> <span class='ocrx_word' id='word_1_130' title='bbox 223 1536 336 1572; x_wconf 89' lang='lat' dir='ltr'>eum</span> <span class='ocrx_word' id='word_1_131' title='bbox 349 1521 635 1588; x_wconf 79' lang='lat' dir='ltr'>stephanius</span> <span class='ocrx_word' id='word_1_132' title='bbox 651 1521 703 1571; x_wconf 90' lang='lat' dir='ltr'>in</span> <span class='ocrx_word' id='word_1_133' title='bbox 716 1521 846 1571; x_wconf 84' lang='lat' dir='ltr'>notis</span> <span class='ocrx_word' id='word_1_134' title='bbox 859 1535 964 1586; x_wconf 88' lang='lat' dir='ltr'>pag.</span> <span class='ocrx_word' id='word_1_135' title='bbox 987 1537 1009 1572; x_wconf 88' lang='lat'>1</span> <span class='ocrx_word' id='word_1_136' title='bbox 1019 1536 1065 1586; x_wconf 78' lang='lat'>3.</span> <span class='ocrx_word' id='word_1_137' title='bbox 1082 1519 1177 1587; x_wconf 87' lang='lat' dir='ltr'><strong>sqq.</strong></span> <span class='ocrx_word' id='word_1_138' title='bbox 1189 1519 1354 1570; x_wconf 85' lang='lat' dir='ltr'>obser-</span> 
     </span>
     <span class='ocr_line' id='line_1_25' title="bbox 148 1587 1377 1654; baseline 0 -15"><span class='ocrx_word' id='word_1_139' title='bbox 148 1600 245 1639; x_wconf 84' lang='lat' dir='ltr'>vat.</span> <span class='ocrx_word' id='word_1_140' title='bbox 285 1597 394 1637; x_wconf 83' lang='lat' dir='ltr'>Saxo</span> <span class='ocrx_word' id='word_1_141' title='bbox 412 1587 1060 1654; x_wconf 80' lang='lat' dir='ltr'>Grammaticus‚Thylenfium</span> <span class='ocrx_word' id='word_1_142' title='bbox 1082 1590 1135 1653; x_wconf 91' lang='lat' dir='ltr'>(i.</span> <span class='ocrx_word' id='word_1_143' title='bbox 1151 1588 1377 1643; x_wconf 70' lang='lat' dir='ltr'>e.1⁵lan-&#39;</span> 
     </span>
     <span class='ocr_line' id='line_1_26' title="bbox 147 1653 1354 1723; baseline -0.001 -17"><span class='ocrx_word' id='word_1_144' title='bbox 147 1655 328 1706; x_wconf 86' lang='lat' dir='ltr'>dorum</span> <span class='ocrx_word' id='word_1_145' title='bbox 352 1670 410 1706; x_wconf 87' lang='lat' dir='ltr'>ex</span> <span class='ocrx_word' id='word_1_146' title='bbox 445 1654 632 1722; x_wconf 85' lang='lat' dir='ltr'>vulgari</span> <span class='ocrx_word' id='word_1_147' title='bbox 661 1655 722 1706; x_wconf 81' lang='lat' dir='ltr'>ab</span> <span class='ocrx_word' id='word_1_148' title='bbox 742 1657 1013 1723; x_wconf 87' lang='lat' dir='ltr'>Arngrimo</span> <span class='ocrx_word' id='word_1_149' title='bbox 1036 1655 1137 1705; x_wconf 77' lang='lat' dir='ltr'>satis</span> <span class='ocrx_word' id='word_1_150' title='bbox 1175 1653 1354 1706; x_wconf 88' lang='lat' dir='ltr'>refuta-</span> 
     </span>
     <span class='ocr_line' id='line_1_27' title="bbox 146 1721 1379 1791; baseline 0 -18"><span class='ocrx_word' id='word_1_151' title='bbox 146 1735 194 1773; x_wconf 87' lang='lat' dir='ltr'>ta</span> <span class='ocrx_word' id='word_1_152' title='bbox 206 1723 466 1791; x_wconf 85' lang='lat' dir='ltr'>opinione,</span> <span class='ocrx_word' id='word_1_153' title='bbox 487 1721 744 1774; x_wconf 85' lang='lat' dir='ltr'>Islandiam</span> <span class='ocrx_word' id='word_1_154' title='bbox 766 1737 989 1773; x_wconf 89' lang='lat' dir='ltr'>veterum</span> <span class='ocrx_word' id='word_1_155' title='bbox 1007 1722 1209 1773; x_wconf 84' lang='lat' dir='ltr'>Thulen</span> <span class='ocrx_word' id='word_1_156' title='bbox 1232 1721 1351 1787; x_wconf 82' lang='lat' dir='ltr'>effe)</span> <span class='ocrx_word' id='word_1_157' title='bbox 1376 1732 1379 1742; x_wconf 74' lang='lat'>¹</span> 
     </span>
     <span class='ocr_line' id='line_1_28' title="bbox 144 1788 1384 1864; baseline 0 -24"><span class='ocrx_word' id='word_1_158' title='bbox 144 1790 429 1841; x_wconf 84' lang='lat' dir='ltr'>industriam</span> <span class='ocrx_word' id='word_1_159' title='bbox 448 1788 638 1841; x_wconf 77' lang='lat' dir='ltr'>silentio</span> <span class='ocrx_word' id='word_1_160' title='bbox 656 1806 761 1841; x_wconf 88' lang='lat' dir='ltr'>non</span> <span class='ocrx_word' id='word_1_161' title='bbox 777 1789 1152 1851; x_wconf 81' lang='lat' dir='ltr'>obliterandam,</span> <span class='ocrx_word' id='word_1_162' title='bbox 1164 1789 1350 1852; x_wconf 80' lang='lat' dir='ltr'>censet3</span> <span class='ocrx_word' id='word_1_163' title='bbox 1376 1795 1384 1864; x_wconf 56' lang='lat' dir='ltr'>s</span> 
     </span>
     <span class='ocr_line' id='line_1_29' title="bbox 143 1857 1384 1926; baseline 0 -18"><span class='ocrx_word' id='word_1_164' title='bbox 143 1872 360 1924; x_wconf 91' lang='lat' dir='ltr'>qvorum</span> <span class='ocrx_word' id='word_1_165' title='bbox 390 1857 637 1908; x_wconf 82' lang='lat' dir='ltr'>thesauros</span> <span class='ocrx_word' id='word_1_166' title='bbox 675 1858 1024 1909; x_wconf 88' lang='lat' dir='ltr'>Historicarum</span> <span class='ocrx_word' id='word_1_167' title='bbox 1072 1873 1236 1908; x_wconf 88' lang='lat' dir='ltr'>rerum</span> <span class='ocrx_word' id='word_1_168' title='bbox 1275 1858 1350 1926; x_wconf 89' lang='lat' dir='ltr'>pi-</span> <span class='ocrx_word' id='word_1_169' title='bbox 1383 1872 1384 1876; x_wconf 72' lang='grc'>’</span> 
     </span>
     <span class='ocr_line' id='line_1_30' title="bbox 140 1923 1384 1992; baseline 0.001 -17"><span class='ocrx_word' id='word_1_170' title='bbox 140 1925 379 1992; x_wconf 83' lang='lat' dir='ltr'>gnoribus</span> <span class='ocrx_word' id='word_1_171' title='bbox 397 1923 601 1976; x_wconf 88' lang='lat' dir='ltr'>refertos</span> <span class='ocrx_word' id='word_1_172' title='bbox 614 1925 839 1978; x_wconf 87' lang='lat' dir='ltr'>curiosius</span> <span class='ocrx_word' id='word_1_173' title='bbox 851 1924 1208 1979; x_wconf 54' lang='lat' dir='ltr'>consuluerim&amp;</span> <span class='ocrx_word' id='word_1_174' title='bbox 1220 1924 1349 1977; x_wconf 85' lang='lat' dir='ltr'>haud</span> <span class='ocrx_word' id='word_1_175' title='bbox 1383 1926 1384 1938; x_wconf 62' lang='lat'>¹</span> 
     </span>
     <span class='ocr_line' id='line_1_31' title="bbox 139 1991 1384 2060; baseline 0.002 -19"><span class='ocrx_word' id='word_1_176' title='bbox 139 2008 342 2060; x_wconf 83' lang='lat' dir='ltr'>parva-m</span> <span class='ocrx_word' id='word_1_177' title='bbox 375 1991 441 2043; x_wconf 89' lang='lat' dir='ltr'>sui</span> <span class='ocrx_word' id='word_1_178' title='bbox 474 1993 636 2059; x_wconf 84' lang='lat' dir='ltr'>operis</span> <span class='ocrx_word' id='word_1_179' title='bbox 666 2006 852 2060; x_wconf 85' lang='lat' dir='ltr'>partem</span> <span class='ocrx_word' id='word_1_180' title='bbox 873 2008 930 2042; x_wconf 87' lang='lat' dir='ltr'>ex</span> <span class='ocrx_word' id='word_1_181' title='bbox 948 2005 1124 2041; x_wconf 88' lang='lat' dir='ltr'>eorum</span> <span class='ocrx_word' id='word_1_182' title='bbox 1146 1991 1347 2044; x_wconf 86' lang='lat' dir='ltr'>relatio·</span> <span class='ocrx_word' id='word_1_183' title='bbox 1379 2021 1384 2056; x_wconf 75' lang='lat' dir='ltr'>t</span> 
     </span>
     <span class='ocr_line' id='line_1_32' title="bbox 138 2058 1384 2128; baseline 0.001 -19"><span class='ocrx_word' id='word_1_184' title='bbox 138 2060 216 2110; x_wconf 82' lang='lat' dir='ltr'>nis</span> <span class='ocrx_word' id='word_1_185' title='bbox 236 2060 513 2110; x_wconf 85' lang='lat' dir='ltr'>imitatione</span> <span class='ocrx_word' id='word_1_186' title='bbox 528 2064 848 2120; x_wconf 84' lang='lat' dir='ltr'>contexuerit,</span> <span class='ocrx_word' id='word_1_187' title='bbox 860 2075 952 2110; x_wconf 88' lang='lat' dir='ltr'>nec</span> <span class='ocrx_word' id='word_1_188' title='bbox 964 2058 1174 2109; x_wconf 88' lang='lat' dir='ltr'>arbitros</span> <span class='ocrx_word' id='word_1_189' title='bbox 1190 2060 1340 2111; x_wconf 88' lang='lat' dir='ltr'>habe·</span> <span class='ocrx_word' id='word_1_190' title='bbox 1381 2093 1384 2128; x_wconf 67' lang='lat'>3</span> 
     </span>
     <span class='ocr_line' id='line_1_33' title="bbox 136 2124 1384 2194; baseline 0.002 -17"><span class='ocrx_word' id='word_1_191' title='bbox 136 2142 192 2178; x_wconf 85' lang='lat' dir='ltr'>re</span> <span class='ocrx_word' id='word_1_192' title='bbox 212 2126 583 2194; x_wconf 87' lang='lat' dir='ltr'>contempserit,</span> <span class='ocrx_word' id='word_1_193' title='bbox 604 2143 724 2194; x_wconf 85' lang='lat' dir='ltr'>quos</span> <span class='ocrx_word' id='word_1_194' title='bbox 744 2135 875 2179; x_wconf 72' lang='lat' dir='ltr'>tanta</span> <span class='ocrx_word' id='word_1_195' title='bbox 903 2124 1145 2177; x_wconf 83' lang='lat' dir='ltr'>vetustatis</span> <span class='ocrx_word' id='word_1_196' title='bbox 1171 2128 1343 2194; x_wconf 74' lang='lat' dir='ltr'>peritia</span> <span class='ocrx_word' id='word_1_197' title='bbox 1376 2128 1384 2166; x_wconf 53' lang='grc' dir='ltr'>ἐ</span> 
     </span>
     <span class='ocr_line' id='line_1_34' title="bbox 136 2192 1384 2263; baseline 0.001 -18"><span class='ocrx_word' id='word_1_198' title='bbox 136 2193 315 2245; x_wconf 77' lang='lat' dir='ltr'>callere</span> <span class='ocrx_word' id='word_1_199' title='bbox 335 2195 648 2262; x_wconf 88' lang='lat' dir='ltr'>cognoverit,</span> <span class='ocrx_word' id='word_1_200' title='bbox 670 2196 743 2246; x_wconf 91' lang='lat' dir='ltr'>uti</span> <span class='ocrx_word' id='word_1_201' title='bbox 756 2195 1012 2263; x_wconf 86' lang='lat' dir='ltr'>profitetur</span> <span class='ocrx_word' id='word_1_202' title='bbox 1027 2193 1079 2244; x_wconf 90' lang='lat' dir='ltr'>in</span> <span class='ocrx_word' id='word_1_203' title='bbox 1100 2192 1343 2261; x_wconf 83' lang='lat' dir='ltr'>praefatio-</span> <span class='ocrx_word' id='word_1_204' title='bbox 1372 2225 1384 2260; x_wconf 55' lang='lat'>,2</span> 
     </span>
     <span class='ocr_line' id='line_1_35' title="bbox 134 2259 1343 2327; baseline 0.002 -16"><span class='ocrx_word' id='word_1_205' title='bbox 134 2275 200 2311; x_wconf 82' lang='lat' dir='ltr'>ne</span> <span class='ocrx_word' id='word_1_206' title='bbox 219 2262 358 2312; x_wconf 74' lang='lat' dir='ltr'>citata</span> <span class='ocrx_word' id='word_1_207' title='bbox 378 2278 421 2325; x_wconf 88' lang='lat' dir='ltr'>p.</span> <span class='ocrx_word' id='word_1_208' title='bbox 450 2279 489 2316; x_wconf 72' lang='lat'>2.</span> <span class='ocrx_word' id='word_1_209' title='bbox 509 2270 658 2310; x_wconf 82' lang='lat' dir='ltr'>Snorro</span> <span class='ocrx_word' id='word_1_210' title='bbox 680 2268 948 2327; x_wconf 76' lang='lat' dir='ltr'>Sturlesbnius</span> <span class='ocrx_word' id='word_1_211' title='bbox 979 2261 1031 2311; x_wconf 77' lang='lat' dir='ltr'>in</span> <span class='ocrx_word' id='word_1_212' title='bbox 1055 2259 1343 2325; x_wconf 82' lang='lat' dir='ltr'>praefatione</span> 
     </span>
     <span class='ocr_line' id='line_1_36' title="bbox 135 2326 1339 2450; baseline -0.002 -49"><span class='ocrx_word' id='word_1_213' title='bbox 135 2326 356 2402; x_wconf 55' lang='lat' dir='ltr'>Histvtiae.</span> <span class='ocrx_word' id='word_1_214' title='bbox 376 2331 427 2384; x_wconf 82' lang='lat' dir='ltr'>N</span> <span class='ocrx_word' id='word_1_215' title='bbox 431 2344 614 2404; x_wconf 61' lang='lat' dir='ltr'>qrweg·</span> <span class='ocrx_word' id='word_1_216' title='bbox 629 2327 837 2404; x_wconf 56' lang='lat' dir='ltr'>fatetur„</span> <span class='ocrx_word' id='word_1_217' title='bbox 856 2330 900 2386; x_wconf 80' lang='lat' dir='ltr'>se</span> <span class='ocrx_word' id='word_1_218' title='bbox 920 2327 1339 2450; x_wconf 50' lang='lat' dir='ltr'>xetflssssffimogff</span> 
     </span>
    </p>

    <p class='ocr_par' dir='ltr' id='par_1_4' title="bbox 690 2411 1333 2450">
     <span class='ocr_line' id='line_1_37' title="bbox 690 2411 1333 2450; baseline 0 0"><span class='ocrx_word' id='word_1_219' title='bbox 690 2411 691 2415; x_wconf 74' lang='grc'>’</span> <span class='ocrx_word' id='word_1_220' title='bbox 1302 2413 1333 2450; x_wconf 81' lang='lat' dir='ltr'>e</span> 
     </span>
    </p>
   </div>
   <div class='ocr_carea' id='block_1_4' title="bbox 1378 1880 1384 1980">
    <p class='ocr_par' dir='ltr' id='par_1_5' title="bbox 1378 1880 1384 1980">
     <span class='ocr_line' id='line_1_38' title="bbox 1378 1880 1384 1980; baseline 0 490"><span class='ocrx_word' id='word_1_221' title='bbox 1378 1880 1384 1980; x_wconf 95' lang='lat' dir='ltr'> </span> 
     </span>
    </p>
   </div>
  </div>
 </body>
</html>
